3200 4975
1213 452 1261 522 tu

158 635 337 708 όυαατιόυ
368 636 431 706 καλ
462 630 549 706 εἶναι
581 638 642 704 καὶ
680 630 731 726 μή
763 633 817 724 lt),
856 638 929 706 τιόα
959 635 1046 733 πρός
1076 636 1119 706 τό
1153 638 1262 723 τέλος,

156 757 281 848 δῆλον
309 751 364 826 ότι
389 754 410 847 ἡ
433 763 635 853 προαίρεσις
657 749 962 851 parturivimus
994 759 1067 828 τεόν
1091 753 1147 847 ἐφ’
1164 754 1265 854 crispi

158 877 396 969 βουλευτική.
459 875 576 948 Recte
608 872 842 948 casaubonus
867 896 933 970 pro
969 877 1140 968 βούλεται
1175 878 1262 952 scri·

158 997 329 1068 bendum
367 1017 451 1069 esse
490 995 633 1068 censuit
669 991 952 1089 βουλεύεται.
1024 996 1129 1070 Duae
1168 1001 1265 1071 enim

162 1126 353 1214 protases,
380 1137 429 1190 ex
453 1114 581 1212 quibus
605 1117 707 1188 notio
725 1119 784 1207 τῆς
806 1125 1044 1215 προαιρέσεως
1069 1121 1264 1215 colligitur,

162 1240 217 1308 ita
245 1238 394 1310 demum
420 1243 520 1310 recte
547 1236 791 1310 cohaerebunt
816 1246 921 1310 etse
948 1239 1130 1336 excipient
1152 1245 1265 1313 altera

164 1361 338 1455 alteram,
365 1360 398 1431 si
421 1379 486 1453 pro
503 1360 673 1450 βούλεται
690 1356 857 1430 scribitur
872 1358 1092 1450 βουλεύεται.
1146 1360 1266 1456 Atque

168 1481 360 1570 constanti·
384 1501 453 1552 usu
478 1479 574 1575 apud
589 1479 824 1550 Aristotelem
843 1487 882 1551 et
897 1480 976 1553 eius
1001 1482 1162 1553 scholam
1177 1482 1270 1574 βοό-

169 1598 312 1669 λεσθαι
330 1607 368 1670 et
384 1597 626 1691 βουλεύεσθαι
650 1601 701 1670 ita
718 1598 987 1696 discernuntur,
1012 1610 1053 1672 ut
1069 1604 1116 1673 sit
1131 1599 1266 1695 βούλη-

172 1738 228 1796 σις
254 1722 319 1790 τοῦ
343 1723 480 1807 τέλους,
505 1721 690 1812 βοόλουσις
713 1721 785 1790 caia
809 1718 898 1818 πρός
919 1719 962 1791 τό
984 1722 1093 1799 τέλος.
1150 1722 1205 1795 cf.
1223 1724 1266 1796 E.

169 1838 213 1910 E.
233 1863 268 1933 p.
292 1838 416 1911 1226·
430 1836 762 1937 13-16,19-11.
781 1839 833 1912 Μ.
845 1839 898 1912 M.
911 1840 941 1937 1,
957 1839 1013 1912 17.
1028 1865 1062 1937 p.
1080 1841 1266 1918 1189010.

171 1960 215 2031 E.
243 1962 288 2034 N.
316 1961 378 2056 111,
405 1961 439 2032 4.
466 1986 501 2055 p.
524 1957 722 2054 1111126,
755 1960 818 2054 111,
853 1958 887 2030 6.
913 1982 949 2054 p.
978 1959 1172 2059 1113215,
1204 1967 1267 2062 Ill,

174 2080 210 2150 5.
237 2104 272 2174 p.
295 2076 482 2151 tlt-illl.
526 2077 783 2173 βουλευόμεθα
816 2071 854 2150 δ’
883 2073 926 2150 ori
949 2086 1028 2178 napi
1057 2087 1131 2154 τῶν
1155 2088 1269 2157 τέλοῖυ

178 2193 276 2270 ἄλλα
301 2207 381 2300 περὶ
406 2204 476 2274 ruia
500 2201 588 2297 πρός
611 2201 657 2270 τό
683 2201 781 2293 τέλη,
804 2224 839 2296 p.
870 2196 1055 2274 11121233.

276 2320 452 2416 Exposita
477 2321 685 2394 definitione
719 2323 782 2392 τοῦ
813 2319 1069 2418 προαιρεῖσθαι
1099 2327 1267 2401 notiones

176 2445 240 2511 τοῦ
266 2441 468 2534 βούλεσθαι
499 2449 537 2514 et
561 2444 627 2513 τοῦ
642 2440 897 2539 προαιρεῖσθαι
920 2442 972 2514 ita
991 2442 1086 2516 intur
1110 2466 1151 2517 se
1170 2466 1268 2520 com·

177 2568 289 2656 parat·
302 2564 549 2658 philosophus,
576 2570 615 2634 ut
639 2565 736 2635 illam
759 2565 866 2635 latius
891 2570 1037 2659 patere,
1073 2567 1167 2639 hanc
1184 2572 1268 2642 arti-

181 2679 299 2755 oribus
321 2682 450 2757 finibus
466 2683 601 2756 includi
618 2683 758 2757 doceat.
786 2677 939 2763 ἅπαντες
961 2684 1034 2784 γὰρ
1050 2687 1268 2783 βουλόμεθα

183 2802 208 2869 οἳ
223 2808 282 2872 καὶ
296 2802 573 2903 προαιροόμεθα
578 2856 591 2891 ,
609 2797 653 2875 uti
664 2814 787 2897 μέντοι
804 2817 847 2897 γε
859 2804 885 2874 ἃ
899 2806 1133 2899 βουλόμεθα,
1149 2814 1268 2883 πάντα

180 2924 457 3023 προαιρούμεθα
483 2928 497 3018 (
504 2950 537 3021 p.
570 2920 770 3017 trzsbtt.)
796 2925 867 2999 Pro
893 2918 1045 3007 ἅπαντας
1061 2930 1141 3003 sina
1158 2930 1269 3005 dubio

182 3043 407 3119 scribundum
443 3054 499 3119 est
525 3039 705 3117 ἅπαντα
712 3097 726 3147 ,
756 3046 853 3149 quud
878 3057 917 3120 et
940 3049 1101 3144 llagItare
1126 3052 1270 3129 videtur

185 3170 414 3260 oppositionis
432 3170 489 3241 vis
516 3189 559 3239 ac
576 3177 720 3263 natura,
746 3177 784 3240 et
800 3170 1054 3242 commendant
1069 3174 1142 3245 loci
1158 3176 1268 3248 simil·

184 3287 271 3381 limi,
296 3287 423 3382 quibus
448 3291 616 3361 notiones
633 3290 768 3361 latioris
795 3297 833 3362 at
849 3291 989 3364 artioris
1006 3291 1159 3366 ambitus
1175 3297 1270 3367 inter

186 3430 223 3479 se
249 3416 511 3503 comparantur,
537 3410 651 3483 veluti
676 3405 760 3496 ¹³35.
800 3410 863 3482 καὶ
888 3412 934 3481 τό
957 3417 1026 3505 μέν
1056 3418 1154 3486 κατὰ
1177 3438 1269 3512 προ-
1350 3492 1353 3506 ,

188 3538 312 3623 αέρεσιυ
341 3529 459 3598 πάντα
483 3528 627 3602 ἑκούσια
651 3525 761 3618 εἶναι,
786 3532 834 3603 τα
858 3525 896 3602 δ’
921 3531 1067 3604 tactam
1084 3537 1135 3629 μὴ
1151 3540 1269 3611 πάντα

237 3717 245 3720 .
248 3712 395 3723 ..m—.-

226 3848 259 3925 i)
300 3848 451 3909 Commate
473 3850 603 3927 distinxi,
631 3873 687 3931 quo
709 3853 800 3935 magis
822 3870 957 3935 appareat
978 3857 1065 3917 verba
1087 3859 1133 3911 uir
1157 3856 1215 3934 agis
1238 3862 1267 3914 ri

300 3948 369 4011 τέλος
389 3973 443 4032 per
463 3954 672 4032 appositionem
690 3955 840 4035 pertinere
856 3957 892 4015 ad
913 3957 959 4012 τόν
978 3953 1096 4025 δυνατόν,
1119 3980 1193 4020 neve
1205 3962 1267 4039 quis

301 4074 334 4112 ea
360 4054 447 4115 verba
477 4076 542 4114 curn
559 4057 706 4134 particulis
734 4055 779 4111 καὶ
805 4058 842 4129 pi
874 4058 1048 4138 coniungat,
1076 4061 1153 4137 quod
1175 4060 1266 4120 inter-

222 4180 226 4191 ·
298 4167 413 4235 protem
434 4156 570 4215 Latinum
593 4158 721 4219 videmus
742 4156 852 4221 secisse.
