3200 4975
323 485 371 558 68

322 671 433 741 nihilo
467 670 585 741 miuus
619 665 811 740 referendo
843 674 901 739 est
930 667 975 738 od
1006 672 1058 764 τῳ
1089 668 1182 767 θεῷ.
1238 671 1425 744 Fortasse

323 793 496 886 scriptum
521 790 589 861 fuit
614 784 636 881 ἢ
660 791 713 884 τῷ
739 783 885 885 ἄρχοντι
911 783 933 858 δ
961 783 1229 886 ἀρχόμενος.

421 936 456 1009 p.
488 904 674 981 12381030.
726 909 783 981 De
808 906 938 981 codem
963 910 1089 1004 impuri
1106 914 1275 1007 amicitia,
1303 915 1425 1007 qualis

322 1037 416 1106 Inter
441 1031 549 1103 deum
575 1039 613 1104 et
636 1031 820 1102 hominem
845 1031 907 1103 vel
925 1031 1071 1100 omnino
1097 1033 1191 1103 inter
1216 1033 1426 1128 principem

322 1164 360 1228 et
393 1150 596 1225 subiectum
626 1150 837 1244 intercedit,
882 1147 1013 1221 deinde
1054 1153 1287 1247 philosophus
1326 1154 1425 1224 haec

323 1272 468 1348 scribit:
516 1276 579 1341 καὶ
611 1267 720 1362 ἡδονὴ
752 1268 912 1366 διαφέρει
947 1262 1049 1339 midias
1082 1264 1168 1361 ἥτε
1194 1274 1260 1343 τοιῖ
1284 1267 1426 1371 αὗτοῖρ-

321 1420 405 1474 κους
435 1391 492 1465 ἐπὶ
517 1394 571 1487 uqi
595 1385 706 1461 αὖτοιῖ
729 1390 884 1483 κτήματι
909 1384 932 1481 ἢ
956 1387 1077 1477 παιδί,
1109 1393 1260 1464 καὶτοῦ
1285 1389 1428 1470 ἐνδεοῦς
1470 1369 1476 1379 ’

324 1515 382 1587 ἐπὶ
407 1516 459 1611 τῷ
485 1519 677 1608 γινομένῳ.
735 1510 785 1582 At
811 1512 844 1583 si
869 1511 1002 1582 amoris
1033 1513 1278 1606 magnitudine
1313 1512 1424 1586 diffe-

322 1642 404 1708 runt
420 1637 456 1704 iu
470 1634 627 1704 amicitia
642 1632 770 1726 impari
788 1633 953 1726 superior
966 1637 1003 1702 et
1019 1632 1180 1724 inferior,
1206 1635 1285 1728 ipsa
1296 1642 1423 1706 autem

323 1754 466 1828 arnandi
491 1754 633 1824 actione
660 1754 828 1843 voluptas
854 1750 1011 1822 efficitur
1036 1773 1081 1822 ea
1098 1774 1190 1847 quae
1225 1756 1425 1827 coniuncta

324 1884 381 1950 est
406 1895 489 1946 oum
507 1871 674 1965 cinicino,
699 1869 794 1938 hanc
818 1871 1043 1963 voluptatem
1060 1892 1135 1942 non
1159 1875 1280 1946 minus
1299 1875 1422 1948 diver-

324 2017 401 2068 sam
427 2014 511 2066 osse
537 1997 682 2087 oportet
706 2009 814 2084 qoam
839 1991 956 2083 ipsum
984 2009 1155 2064 amorem.
1215 1994 1304 2066 inde
1331 1999 1423 2067 scri·

231 2185 235 2194 ,
323 2116 481 2188 bendum
506 2109 651 2187 videtur
675 2113 737 2178 καῖ
761 2103 869 2199 ἡδονὴ
887 2106 1046 2204 διαφέρει
1072 2105 1175 2183 οὐδὲν
1199 2106 1331 2204 ἧττον
1357 2118 1423 2185 τοῦ

324 2228 520 2330 αδτάρκοος
544 2231 619 2300 κτλ.

424 2352 506 2447 VII,
541 2349 575 2422 4.
610 2372 644 2446 p.
684 2345 844 2419 123928.
886 2345 1029 2438 δνιαχοῖ
1061 2347 1099 2419 δὲ
1131 2351 1320 2439 φιλεῖσθαι
1351 2360 1425 2446 μὲν

323 2475 377 2547 δεῖ
399 2459 475 2547 τότ’
489 2468 706 2568 ὑπερέχοντα
711 2520 725 2556 ,
750 2466 814 2540 dciv
839 2466 877 2541 tt·
902 2471 989 2562 φιλῇ
1013 2463 1229 2558 ὀνειδίζεται,
1254 2468 1304 2550 ὥς
1329 2466 1425 2544 α’νοῖ-

324 2606 401 2681 ξιον
425 2593 552 2686 φιλοῖν.
579 2594 623 2686 τῇ
653 2590 726 2687 χδρ
752 2583 836 2689 οῖξίῳ
860 2592 946 2660 τοῖν
972 2593 1120 2681 φίλων
1151 2596 1333 2690 μετρεῖται
1359 2605 1427 2666 καί
1477 2635 1478 2646 ¹

324 2741 393 2787 τινι
421 2716 501 2811 ἴσῳ.
566 2708 776 2785 Subiectum
808 2712 1080 2804 grammaticum
1110 2711 1158 2783 ud
1189 2717 1420 2808 μετρεῖταιε
1476 2719 1477 2730 ’

325 2833 568 2934 superioribus
593 2853 668 2904 non
691 2830 789 2902 aliud
814 2832 931 2928 repeti
953 2838 1075 2926 potest
1099 2835 1170 2905 nisi
1195 2830 1216 2902 δ
1240 2829 1421 2931 ὑπερέχων

325 2960 428 3050 φίλος
434 3008 447 3044 ,
485 2965 526 3027 ut
549 2956 583 3025 is
614 2954 676 3047 qui
706 2953 743 3023 in
769 2952 927 3022 amicitIa
961 2954 1126 3047 superior
1157 2961 1214 3025 est
1238 2956 1420 3026 aestimari

325 3080 462 3149 dicatur
488 3096 536 3147 ex
561 3072 732 3166 dignitate
759 3073 958 3144 amicorum
984 3081 1021 3145 et
1054 3094 1101 3145 ex
1126 3076 1306 3170 aequitate
1334 3097 1418 3170 qua-

326 3198 431 3284 dam3
471 3214 563 3291 quac
596 3194 924 3288 contentioneque
957 3214 1024 3287 per
1057 3215 1098 3265 se
1127 3193 1271 3289 probari
1299 3204 1420 3290 potest

324 3338 443 3412 neque
483 3321 564 3409 apte
602 3315 774 3385 cohaeret
815 3333 899 3383 cum
938 3314 1109 3387 universa
1147 3315 1418 3408 argumentandi

325 3438 474 3511 ratione.
544 3432 721 3529 Equidem
762 3431 991 3503 scribendum
1030 3433 1150 3526 potius
1191 3434 1343 3507 arbitror
1381 3440 1419 3528 τῇ
1467 3479 1468 3488 1

201 3548 203 3551 ⁵
275 3543 278 3549 ¹
325 3557 397 3657 χοῖρ
429 3546 513 3647 οῖξίῳ
545 3550 593 3624 vd
608 3553 770 3644 ’φιλεῖν
801 3553 981 3648 μετρεῖται
1005 3558 1071 3621 καί
1092 3576 1159 3624 τινι
1183 3554 1264 3651 ἴσῳ,
1291 3560 1419 3628 collato

325 3671 650 3752 Nicomacheonmr
667 3676 750 3744 Ioco
768 3668 867 3768 VIII,
894 3668 928 3742 8.
954 3692 989 3766 p.
1021 3669 1207 3746 1158b27.
1235 3668 1320 3744 ὅταν
1336 3677 1417 3768 χὀὶρ
1464 3710 1465 3739 ι

326 3788 425 3869 κατΙ
451 3786 586 3879 οῖξλαν
609 3790 632 3885 ἦ
657 3793 843 3884 φίλησις
865 3801 1041 3885 γίγνηται,
1068 3795 1147 3865 τότε
1171 3802 1333 3886 γίγνεταί
1345 3822 1418 3875 ποις
1463 3788 1464 3823 ¹

326 3915 457 4011 ἰσότης,
483 3912 564 4007 ὃδὴ
589 3915 648 4006 τῆς
672 3914 794 4005 φιλίας
810 3909 900 3985 εῖναι
917 3911 1025 4000 δοκεῖ,
1052 3922 1089 3987 et
1109 3916 1282 4027 proximis
1299 3915 1415 3989 Eudc-
1461 3837 1464 3994 t

326 4042 479 4111 mierum
505 4032 628 4111 verbis
654 4034 700 4105 τδ
723 4037 791 4126 μὲν
817 4026 879 4105 οὖν
896 4032 941 4105 δι’
958 4031 1096 4125 ἡλικίας
1120 4032 1282 4132 ἔλλειψιν
1307 4031 1416 4106 ἄνολ-

326 4161 395 4241 ξια
421 4154 558 4247 ὁμοίως
582 4153 837 4246 φιλεῖσθαι,
878 4155 923 4225 τοὶ
948 4152 987 4225 δὲ·
1011 4163 1091 4223 κατ’
1124 4146 1252 4253 δρετὴν
1273 4152 1296 4248 ἢ
1318 4167 1415 4248 γένος
