3200 4975
1233 571 1282 643 (59

186 751 306 846 ἤματ’
325 749 439 845 ἄλλον
455 758 619 846 τοιαύτην
636 751 830 852 ὑπεροχήν·
857 747 913 824 αἐὶ
931 750 967 822 δὲ
986 752 1048 823 τὸν
1068 749 1283 852 ὑπερέχοντα

186 871 207 967 ἢ
232 868 341 966 ἧττον
366 869 388 966 ἢ
410 875 461 968 μὴ
487 877 635 965 φιλεῖν
661 867 829 960 ἆξιοῦν.
880 874 1051 947 Ceterum
1077 896 1142 970 pro
1160 867 1286 960 α’ξιοῦν
1385 891 1389 898 ·

185 1001 269 1092 lege
298 990 435 1080 ἄξιον.

289 1140 323 1212 p.
355 1113 541 1187 1239232.
582 1113 623 1186 τὸ
649 1119 717 1208 μὲν
748 1116 822 1212 γὰρ
856 1116 1011 1205 φιλεῖν
1044 1112 1283 1208 συμβεβηκός.

186 1235 399 1332 Lugendum
413 1257 495 1308 esse
510 1233 741 1325 φιλεῖσθαι
754 1243 855 1307 recte
868 1236 1025 1307 coniecit
1038 1234 1283 1310 Casaubonus.

290 1355 373 1450 Vll,
401 1355 433 1430 5.
492 1356 613 1444 Quum
639 1357 818 1427 amicitiae
849 1377 997 1428 causam
1024 1359 1135 1450 vulgo
1160 1357 1223 1428 vel
1247 1359 1286 1427 in

187 1475 419 1549 similitudine
445 1478 506 1548 vcl
530 1479 568 1546 in
594 1476 803 1550 diversitate
829 1499 970 1549 morum
995 1485 1033 1550 et
1058 1478 1285 1570 ingeniorum

187 1600 342 1693 positam
360 1618 442 1669 esse
462 1597 680 1691 existiment,
713 1597 895 1694 quaeritur
912 1597 1094 1692 quomodo
1111 1599 1178 1668 hae
1197 1598 1284 1668 ami-

188 1721 296 1790 citiae
324 1737 456 1788 causae
490 1715 620 1787 referri
649 1718 791 1812 possint
823 1716 870 1788 ad
895 1718 1074 1790 amicitiae
1101 1737 1238 1809 genera
1264 1739 1287 1794 a

119 1849 120 1858 ’
189 1839 404 1933 philosopho
430 1843 536 1908 antea
562 1836 753 1931 descripta.
818 1835 876 1910 Ac
902 1836 1097 1913 similitudo
1127 1836 1285 1933 quidem,

119 1951 120 1962 ‘
190 1969 230 2030 ut
263 1978 355 2053 quae
387 1958 565 2028 amicitiae
593 1958 640 2028 sit
663 1976 791 2050 eausa,
831 1964 869 2027 et
894 1956 940 2029 ad
965 1959 1136 2030 vitutem
1166 1965 1288 2052 potest

191 2088 229 2150 et
254 2078 301 2149 ad
324 2081 549 2172 voluptatem
568 2076 707 2148 referri.
734 2077 777 2144 τό
804 2097 842 2145 τε
866 2076 938 2173 γὰρ
963 2068 1114 2166 ἀγαθὸν
1131 2073 1286 2162 ἁπλοῦν,

191 2199 231 2269 τὸ
257 2195 295 2268 tt·
311 2197 435 2279 ,κακον
451 2199 699 2293 πολύμορφον.
717 2238 767 2251 -
785 2190 874 2267 ὥστε
900 2188 992 2269 οὕτω
1008 2201 1077 2289 μὲν
1099 2196 1141 2268 τὸ
1161 2189 1288 2288 ὅμοιον

195 2320 315 2413 φίλον,
353 2311 410 2388 ὅτι
435 2311 582 2408 ἀγαθὸν
603 2310 744 2409 ὅμοιον.
776 2316 828 2410 (p.
851 2312 1057 2406 maalle.)
1090 2317 1204 2389 Immo
1231 2310 1289 2388 ὅτι

193 2439 237 2511 τὸ
263 2434 411 2533 ιἰγαθόν
436 2430 578 2530 ὅμοιον,
604 2435 701 2532 quod
726 2444 876 2532 apparet
900 2457 923 2509 e
948 2434 1070 2513 verbis
1096 2458 1206 2534 supra
1222 2459 1286 2532 po·

120 2642 121 2645 ¹
195 2563 284 2633 sitis.
310 2600 359 2613 —
385 2556 515 2631 ἔστιδὲ
532 2554 770 2639 deuoluunt}
794 2558 837 2629 το
863 2553 940 2649 ἡδύ.
967 2561 1040 2636 τοῖς
1054 2560 1126 2656 γὰρ
1152 2554 1290 2651 ὁμοίοις

194 2672 323 2751 ταῦθ’
352 2676 460 2771 ἡδέα,
498 2684 561 2749 καὶ
591 2676 739 2749 ἕκαστον
771 2673 939 2767 δὲφύσει
971 2671 1060 2749 αὐτὸ
1085 2673 1186 2775 adrui
1210 2673 1288 2771 ἡδύ.

195 2804 244 2897 (p.
276 2798 485 2890 12391118.)
550 2798 622 2872 Pro
655 2798 762 2871 ταῦθ’
794 2795 883 2890 ἡδέα
903 2799 1110 2893 legendum
1146 2808 1205 2872 est
1235 2800 1289 2870 τὰ

196 2919 309 2993 αὐτὰ
334 2918 437 3013 ἡδέα,
474 2917 658 2993 similibus
687 2918 791 2993 enim
826 2919 962 2994 eodem
985 2918 1160 2993 iucunda
1184 2933 1290 3007 sunt,

194 3050 232 3114 ut
257 3041 366 3114 habet
389 3043 567 3137 interpres
593 3038 697 3129 Lat.;
736 3060 821 3111 nam
846 3042 897 3112 ita
922 3040 1068 3114 demum
1094 3039 1290 3113 similitudo

194 3171 375 3259 tamquam
412 3163 589 3234 amicitiae
623 3181 734 3233 causa
765 3159 813 3233 ad
844 3163 1067 3256 voluptatem
1097 3160 1290 3258 referetur,

195 3287 226 3355 si
253 3286 314 3378 qui
339 3284 475 3357 similes
502 3284 573 3355 sint
600 3304 647 3356 ex
672 3280 806 3354 r‘isdem
832 3277 942 3352 rebus
967 3283 1190 3376 voluptatem
1208 3302 1290 3376 per-

195 3405 319 3495 cipere
356 3402 527 3477 dicantur.
558 3441 608 3456 -
641 3402 782 3475 Verum
823 3402 932 3474 etiam
969 3399 1066 3496 quod
1100 3401 1291 3476 diversitas

195 3521 329 3594 dicitur
346 3522 521 3595 amicitiae
540 3543 651 3595 causa
667 3544 751 3595 esse
778 3521 826 3594 ad
850 3523 1021 3595 virtutem
1038 3529 1159 3617 potest
1184 3541 1292 3596 revo·
1413 3511 1420 3522 ’

195 3642 281 3714 cari.
322 3638 394 3711 ἔστι
420 3637 461 3712 δέ
482 3667 560 3723 ποις
583 3642 645 3714 καὶ
668 3638 691 3734 ἦ
717 3646 779 3713 τοῦ
806 3640 966 3713 ἐναντίον
983 3642 1088 3730 φιλία
1107 3643 1174 3713 τοῦ
1197 3634 1292 3732 ἄγα-

195 3762 282 3834 9σῦ.
310 3754 475 3860 ὀρέγεται
486 3762 558 3860 γὰρ
576 3756 746 3853 ἀλλήλων
764 3760 824 3832 διὰ
842 3759 883 3832 τὸ
900 3769 1032 3855 μέσον·
1058 3759 1111 3842 ὥς
1122 3760 1298 3853 σύμβολα

195 3882 268 3979 γὰρ
294 3877 455 3981 ὀρέγεται
473 3878 660 3975 ἀλλήλοιν·
687 3880 743 3953 διὸ
760 3874 805 3953 οὗ
828 3885 881 3979 τῷ
904 3882 1074 3973 γίνεσθαι
1098 3879 1138 3965 ἐξ
1156 3874 1295 3972 ἀμφοῖν

198 4004 236 4074 ἓν
268 4013 390 4096 μέσον.
432 4006 488 4100 (p.
526 3998 734 4093 lauabat.)
797 4000 869 4075 Pro
902 4006 956 4099 τῷ
981 4002 1062 4075 cod.
1097 3999 1155 4072 Pb
1186 3997 1294 4072 habet

205 4120 260 4193 τᾶ.
319 4123 402 4196 Ηοο
428 4123 586 4196 nondum
615 4122 765 4218 sufficit,
807 4120 874 4193 sed
905 4122 1098 4217 legandum
1130 4119 1293 4216 videtur,

200 4241 319 4315 deleta
351 4244 518 4338 graviore
553 4244 780 4319 distinctione
823 4248 907 4339 post
939 4235 1122 4335 ἀλλήλων,
1148 4241 1222 4314 διὰ
1248 4242 1295 4312 τὸ

1470 590 1472 695 l
