3200 4975
1252 413 1298 483 55

200 601 279 692 legi
296 599 412 672 voluit
429 598 511 667 λίαν
535 621 570 668 τε
587 595 754 668 καθόλου
780 599 857 664 καὶ
880 619 954 686 κεχ.
974 598 1149 666 τοσοῦτον.
1203 595 1295 666 Con·

200 720 347 790 cinnior
373 719 484 790 oratio
508 718 622 812 foret,
652 720 684 788 si
708 715 756 790 ad
780 714 946 787 καθόλου
971 715 1164 788 adderetur
1188 716 1298 805 λεγό-

197 863 328 930 μεναι,
355 837 418 910 sed
442 838 517 908 hoo
540 834 664 910 dubito
689 859 773 908 num
797 838 845 907 sit
869 838 1126 909 necessarium.

306 1027 388 1122 Vll,
419 1025 449 1096 l.
478 1050 512 1120 p.
545 1023 730 1096 1235237.
774 1026 845 1101 τοῖς
869 1022 908 1094 «lt
931 1023 972 1094 τό
993 1027 1172 1122 χρήσιμον
1198 1023 1298 1096 δοκεῖ

200 1148 308 1236 φίλον
332 1141 424 1216 εἶναι
450 1140 576 1237 μόνον.
610 1147 757 1237 σημεῖον
779 1141 811 1213 δ’
829 1135 882 1212 ότι
907 1149 970 1213 καὶ
995 1142 1163 1214 διώκουσι
1183 1147 1294 1214 ταῦτα

196 1269 344 1352 πάντες,
370 1265 415 1334 τοὶ
427 1263 471 1355 δὲ
488 1260 644 1362 ἄχρηστα
660 1270 722 1335 καὶ
739 1261 776 1332 αλ
792 1265 952 1335 τοιαῦται
968 1268 1040 1334 τῶν
1057 1257 1294 1357 ἀποβάλλου-

197 1406 267 1456 σιν.
319 1385 410 1456 Post
442 1389 513 1454 τῶν
546 1385 733 1457 Beklrerus
772 1387 810 1454 in
845 1383 985 1456 duobus
1017 1405 1110 1480 quos
1136 1385 1294 1455 'contulit

195 1505 299 1576 libris
332 1525 441 1574 manu
473 1506 617 1600 scriptis
650 1509 772 1575 loeum
804 1505 960 1598 quinque
994 1510 1056 1576 vel
1088 1527 1154 1575 sex
1179 1505 1293 1576 literis

198 1625 354 1719 relinqui
379 1625 548 1710 adnotat;
589 1624 654 1696 sed
686 1622 897 1694 adliciendis
924 1631 997 1693 tam
1011 1626 1151 1717 paucis
1179 1625 1292 1695 literis

198 1765 334 1816 vereor
359 1752 398 1816 ut
422 1748 525 1816 loeus
552 1744 598 1815 ad
624 1753 743 1839 aptam
766 1745 982 1815 sententiam
1007 1745 1124 1836 possit
1140 1745 1290 1814 restitui.

195 1862 273 1934 Aut
298 1866 401 1958 plura
427 1865 592 1936 addenda
616 1871 738 1957 erunt,
764 1871 842 1956 aut,
881 1862 977 1956 quod
1006 1864 1114 1955 longe
1147 1862 1292 1934 videtur

193 1984 484 2075 verosimilius,
522 1980 701 2051 mutandis
732 2001 805 2050 non
836 1979 1047 2052 adliciendis
1079 1979 1200 2052 verbis
1226 2005 1288 2075 ge-

194 2105 309 2172 nuina
335 2101 511 2194 scriptura
536 2100 739 2195 quaerenda
764 2113 838 2195 est,
878 2108 919 2171 ut
946 2103 1098 2172 lacunae
1134 2103 1289 2198 signum,

197 2221 297 2316 quod
341 2221 484 2314 saepius
522 2244 591 2292 usu
623 2222 743 2314 venit,
788 2217 1013 2290 librariorum
1057 2224 1288 2292 coniecturae

196 2340 322 2412 deberi
346 2339 523 2414 rideatur.
573 2340 648 2410 Iam
666 2341 697 2410 si
714 2341 793 2434 quis
811 2339 857 2409 ad
878 2331 965 2409 illud
991 2342 1147 2412 animum
1173 2351 1287 2414 atten-

197 2461 306 2553 derit,
339 2460 436 2554 quod
460 2460 633 2555 proximis
658 2456 780 2532 verbis
807 2461 864 2531 sui
889 2462 1051 2555 eorporis
1080 2471 1201 2557 partes
1224 2483 1287 2533 eas

196 2582 362 2650 homines
388 2578 542 2651 abiicere
575 2580 758 2674 dicuntur,
798 2601 889 2674 quae
917 2583 988 2653 sint
1012 2581 1176 2678 inutileS,
1214 2604 1288 2653 non

196 2698 420 2795 improbabit,
439 2700 533 2793 quod
551 2699 779 2771 scribendum
806 2702 1031 2794 suspicamur
1051 2698 1096 2770 τὰ
1113 2700 1151 2773 us
1177 2698 1288 2803 ἄχρη-

198 2841 264 2889 στα
288 2826 349 2889 καὶ
366 2812 497 2889 αότοὶ
522 2817 666 2889 αὑτῶν
692 2814 974 2912 α’ποβόλλουοιν.

296 2991 377 3083 Vll,
405 2989 438 3060 2.
466 2986 708 3084 p.1·2351³·20.
762 2982 833 3079 ἔχει
858 2988 890 3059 ‹l’
916 2984 1155 3086 ἀπορίανκαὶ
1180 2993 1286 3063 πότε-

198 3134 260 3205 ρον
290 3111 330 3180 τό
364 3108 428 3201 title)
454 3105 475 3201 ἢ
504 3108 544 3180 τό
570 3104 716 3201 ἀγαθόν
741 3106 816 3180 ἐστι
841 3105 880 3179 τό
908 3112 1141 3202 φιλούμενον,
1163 3110 1198 3183 εἰ
1217 3116 1287 3207 μὲν

200 3230 269 3325 γὰρ
303 3233 519 3322 φιλούμενον
536 3229 821 3323 ἐπιθυμοῦμεν,
859 3237 922 3300 καὶ
952 3226 1112 3322 μάλιστα
1146 3231 1166 3301 ό
1198 3232 1288 3330 ἔρως

198 3351 353 3419 τοιοῦτον
378 3344 507 3439 (οὐδεὶς
539 3350 610 3447 γὰρ
636 3350 785 3448 ἐραστὴς
810 3344 991 3427 bertreia
1017 3345 1073 3421 ἀεὶ
1098 3351 1236 3443 φιλοῖ),
1264 3350 1285 3443 ἡ

199 3468 229 3539 δ’
262 3467 445 3561 ἐπιθυμία
469 3474 532 3541 rori
555 3470 673 3561 ἡόέος,
709 3464 816 3564 ταύτῃ
842 3476 910 3563 μὲν
934 3472 974 3542 τό
1001 3475 1220 3563 φιλούμενον
1245 3474 1285 3543 τὸ

199 3566 299 3680 biri:
318 3588 355 3659 εἰ
377 3588 414 3660 δὲ
440 3591 460 3660 ὃ
485 3591 705 3684 βουλόμεθα
737 3592 776 3659 τὸ
803 3584 970 3679 α’γαθόν·
1005 3588 1077 3659 ἔστι
1110 3589 1141 3663 δ’
1167 3592 1286 3693 ἕτερον

201 3709 237 3777 π)
260 3708 324 3799 lli
349 3717 412 3779 aul
435 3714 475 3782 τό
502 3707 660 3803 ἆγαθόν.
712 3709 908 3781 Manifesta
933 3716 1152 3807 corruptela,
1191 3735 1283 3805 quae

199 3832 291 3901 inest
314 3833 352 3901 in
382 3832 505 3906 verbis
522 3834 740 3924 φιλούμενον
757 3827 1025 3923 ἐπιθυμοῦμεν,
1050 3853 1121 3923 qua
1146 3833 1284 3905 ratione

199 3950 351 4023 tollenda
382 3955 445 4050 sit,
486 3961 634 4046 apparet
659 3953 803 4035 collato
816 3949 978 4021 membro
1004 3954 1118 4021 altero
1144 3948 1178 4022 εἰ
1200 3950 1238 4022 δὲ·
1264 3954 1286 4022 ὃ

200 4067 425 4165 βουλόμεθα.
488 4069 725 4145 Scribendum
760 4077 816 4140 est
846 4070 942 4141 enim
968 4068 1001 4139 εἰ
1021 4070 1090 4159 μὲν
1114 4071 1185 4169 γαρ
1211 4100 1285 4164 φι-
