3200 4975
335 500 382 572 54

337 677 563 779 δντιείθεμεν
587 687 751 778 μᾶλλον,
778 681 855 757 οἱον
878 683 956 756 ἐπεὶ
981 683 1189 785 ὁμοιότερον
1213 683 1303 760 εἶναι
1328 687 1438 759 δοκεῖ

334 808 379 898 τῇ
402 799 549 904 δνδρείη
575 803 596 898 ἡ
622 805 803 902 θρασύτης
833 812 895 876 καὶ
921 803 1132 905 ἐγγύτερον,
1171 802 1436 907 οἴνομοιότερον

336 921 368 992 δ
394 921 415 1016 ἡ
441 924 567 1012 δειλία,
592 926 719 1017 ταύτην
743 927 892 1018 μᾶλλον
917 919 1155 1021 α’ντιτίδεμεν.
1216 968 1220 978 ·

436 1045 515 1140 Vll,
546 1046 577 1117 l.
605 1070 638 1141 p.
677 1042 863 1118 lautino.
904 1052 984 1146 napi
1018 1049 1155 1138 φιλίας,
1189 1058 1226 1120 τί
1254 1049 1331 1122 ἐστι
1366 1059 1435 1122 καὶ

334 1165 438 1235 ποῖόν
462 1189 495 1235 τι
522 1209 584 1253 --,
609 1171 672 1236 καὶ
697 1169 846 1262 πότερον
869 1169 1040 1258 μοναχῶς
1061 1170 1202 1260 λέγεται
1226 1167 1248 1262 ἡ
1274 1174 1388 1262 φιλία
1416 1169 1437 1264 ἢ

333 1286 561 1377 πλεοναχῶς,
587 1291 649 1356 καὶ
665 1284 699 1356 εἴ
712 1287 933 1375 πλεοναχῶς,
959 1289 1079 1357 πόσα
1095 1286 1238 1379 ἐστίν,
1264 1333 1314 1378 ε-
1340 1292 1436 1365 ἕπε-

333 1415 510 1477 σκεπτέον.
561 1406 641 1477 Nisi
664 1411 801 1478 tanturn
818 1409 1058 1501 negligentiae
1083 1411 1204 1502 largiri
1229 1414 1321 1483 velis
1338 1415 1435 1486 huic

333 1527 510 1620 scriptori,
538 1532 709 1620 quantum
734 1527 798 1599 vix
823 1529 883 1600 alii
908 1529 989 1624 ulli,
1028 1550 1094 1623 pro
1119 1532 1216 1600 πόσα
1242 1530 1337 1603 ἐστίν
1367 1547 1436 1607 aut

333 1642 562 1723 scribendum
589 1655 646 1720 est
677 1651 893 1736 ποσαχῶς
920 1655 982 1720 aut
1012 1646 1130 1721 πόσα
1162 1647 1286 1724 ἐστίν
1314 1653 1435 1746 εἴδη.

332 1765 422 1840 Illud
448 1767 693 1839 commendari
722 1775 845 1861 potest
875 1768 1055 1862 frequenti
1090 1769 1435 1865 Metaphysicorum

331 1889 418 1982 usu,
459 1907 610 1982 quorum
641 1887 785 1984 quintus
819 1885 909 1960 liber
934 1886 1002 1981 (Δ)
1029 1888 1220 1982 significari
1252 1897 1346 1964 solet
1386 1896 1435 1964 τα

330 2011 412 2104 περὶ
436 2011 499 2079 τοῦ
523 2011 710 2100 ποσαχῶς,
743 2011 814 2080 hoc
840 2016 881 2081 ut
905 2009 1136 2083 confirmetur
1161 2012 1319 2084 conferri
1356 2037 1432 2108 po-

330 2133 402 2200 test
427 2126 509 2221 vll,
523 2128 556 2196 2.
575 2151 610 2218 p.
629 2125 747 2194 1236ιι
757 2125 813 2193 16.
842 2121 980 2214 ἀνάγκη
996 2124 1070 2219 ἄρα
1085 2139 1165 2224 τρία
1181 2134 1303 2220 φιλίας
1327 2133 1434 2225 εἴδη

331 2241 433 2317 εἶναι.
460 2244 541 2315 030.
569 2241 641 2315 ἔστι
667 2241 705 2315 δὲ
721 2242 844 2312 πολλοὶ
868 2240 941 2332 εἴδη
958 2240 1089 2331 φιλίας.
1142 2246 1175 2313 5.
1203 2272 1237 2338 p.
1262 2251 1433 2325 124οὃ4.

329 2362 427 2437 πόσα
452 2369 521 2458 μὲν
545 2357 609 2436 οὖν
633 2362 706 2454 εἴδη
732 2364 853 2453 φιλίας
877 2368 916 2432 et
939 2364 984 2432 al.

382 2471 384 2478 Α
429 2485 511 2580 VII,
541 2483 571 2554 l.
600 2508 634 2577 p.
666 2480 848 2554 1235229.
900 2481 1085 2578 Expositis
1106 2480 1242 2555 duabus
1269 2483 1314 2556 de
1332 2492 1434 2558 arni-

330 2609 414 2678 citia
439 2605 646 2698 sementim,
681 2626 789 2699 quum
821 2604 965 2698 quidem
988 2606 1048 2677 alii
1074 2605 1209 2676 similes
1236 2602 1432 2704 similibus,

329 2728 389 2796 alii
414 2727 613 2796 contrarios
639 2725 834 2825 contrariis
866 2726 965 2819 iungi
997 2726 1154 2796 amicitia
1183 2726 1429 2823 contendant,

328 2844 562 2941 philosophus
579 2852 618 2919 ut
642 2846 698 2918 his
715 2846 863 2917 remotis
888 2846 1035 2939 propius
1053 2844 1099 2916 ad
1115 2846 1231 2939 ipsarn
1249 2847 1301 2915 rei
1318 2852 1428 2918 natu-

328 2986 404 3036 ram
431 2964 581 3037 accedat
605 2967 697 3037 haec
723 2963 868 3038 scribit:
900 2963 965 3036 δύο
990 2968 1059 3056 μὲν
1084 2956 1187 3034 αὗται
1214 2959 1315 3049 δόξαν
1341 2973 1428 3063 περὶ

329 3087 449 3177 φιλίας
475 3082 559 3172 εἶσί,
585 3086 668 3157 λίαν
693 3108 738 3156 τε·
754 3084 931 3168 καθόλοαζ
956 3094 1218 3183 κεχωρισμέναι
1243 3088 1426 3173 τοσοῦτον,

329 3199 441 3275 ἄλλαι
467 3203 506 3276 δὲ
531 3202 597 3299 ἤδη
611 3205 800 3305 ἐγγυτέρω
825 3212 888 3276 καί
920 3203 1045 3277 οἰκεῖαι
1071 3208 1143 3275 τῶν
1178 3214 1425 3297 φαινομένων.

327 3326 386 3399 Ex
401 3328 576 3422 particula
598 3351 635 3398 τε
660 3335 808 3425 apparet
825 3326 898 3399 duo
923 3349 1008 3399 esse
1031 3326 1131 3420 vitia,
1157 3346 1248 3420 quae
1267 3327 1425 3420 scriptor

327 3448 592 3543 reprehendere
626 3451 782 3523 voluerit
816 3450 854 3518 in
879 3446 1068 3519 sententiis
1102 3452 1209 3516 antea
1233 3447 1423 3539 expositis,

327 3567 385 3639 Ac
411 3575 670 3643 commemorat
696 3589 784 3641 sane
812 3568 884 3639 duo
910 3568 1009 3661 vitia,
1036 3569 1187 3637 alterum
1213 3566 1310 3661 quod
1334 3568 1422 3637 illae

329 3690 530 3763 sententiae
561 3692 668 3762 nimis
697 3693 769 3761 late
794 3694 942 3783 pateant
972 3686 1078 3778 (λίαν
1101 3684 1309 3773 καθόλου),
1332 3688 1422 3757 alte-

327 3834 406 3883 rum
433 3808 528 3905 quod
554 3816 691 3879 tanturn
717 3811 812 3879 inter
837 3830 878 3881 se
905 3808 1039 3880 distent
1064 3808 1343 3901 (κεχαρισμέναι
1360 3830 1423 3875 το-

327 3930 492 4018 σοῦτον),
530 3927 640 3999 modo
666 3930 876 4023 particulam
909 3932 972 3997 καί
997 3928 1166 3998 omissam
1196 3922 1421 3999 librariorum

327 4050 484 4143 incuria,
523 4072 593 4146 qua
615 4050 682 4122 hae
702 4051 794 4122 duae
818 4048 1120 4143 reprehensiones
1146 4046 1418 4141 distinguantur,

327 4176 409 4241 ante
436 4180 696 4267 κεχωρισμέναι
721 4173 900 4244 restituas.
954 4168 1068 4240 Recte
1096 4166 1166 4236 iarn
1186 4164 1418 4240 casaubonus
