3200 4975
336 459 384 532 40

336 648 437 721 ditati
460 668 612 743 parens,
637 643 703 718 sed
728 663 803 714 non
827 640 980 714 eandem
1004 650 1167 739 uterque.
1191 687 1231 704 -
1260 646 1313 718 lta
1340 645 1433 717 sub-

336 771 416 842 latis
453 769 523 840 illis
565 765 608 837 de
643 765 876 858 temperantis
921 774 959 836 et
999 765 1270 860 intemperantis
1313 763 1437 840 libera

336 892 521 963 voluntate
565 882 851 978 difficultatibus,
893 885 948 955 his
990 883 1112 959 verbis
1157 889 1312 981 scriptor
1351 908 1437 960 rem

337 1007 520 1083 concludit
552 1004 667 1100 11,.u.
695 1028 729 1100 p.
761 1000 949 1076 rauthan.
990 1003 1029 1076 α
1053 1010 1121 1099 μα
1153 1000 1215 1078 oo
1250 1012 1333 1103 περι
1367 968 1461 1079 ια’

337 1129 490 1222 ἐγκρατῆ
521 1132 584 1198 καί
614 1119 753 1224 ἀκρατῆ
777 1119 922 1223 ἀπορίαι
929 1177 944 1211 ,
980 1132 1061 1224 περὶ
1085 1129 1148 1199 τοῦ
1171 1127 1237 1222 βίᾳ
1262 1128 1438 1225 πράττειν

337 1244 599 1347 ἢαμφοτίρους
614 1244 635 1338 ἢ
653 1247 716 1317 τὸν
733 1243 865 1341 ἕτερον,
890 1237 983 1314 ὥστε
1006 1242 1029 1338 ἢ
1053 1246 1106 1340 μὴ
1130 1245 1276 1324 ἑκόντας
1299 1242 1322 1338 ἢ
1351 1241 1438 1340 ἅμα

338 1374 404 1469 βία
428 1377 492 1442 καί
517 1366 688 1453 ἄκοντας,
726 1362 1181 1459 alternaturam,
1215 1361 1295 1460 ἅμα
1326 1365 1439 1440 {xor-

339 1518 401 1573 τας
431 1495 494 1560 καί
520 1484 674 1566 ἄκοντας
696 1482 882 1583 πράττειν·
910 1485 1036 1577 σχεδὸν
1061 1486 1099 1560 δὲ
1124 1485 1164 1560 ἐκ
1189 1493 1262 1561 τῶν
1287 1486 1441 1587 εἰρημέ-

338 1636 413 1686 νων
446 1608 553 1702 δῆλον
585 1604 672 1701 ἡμῖν
698 1604 747 1688 ὡς
772 1601 1005 1700 ἀπαντητέον.
1055 1610 1098 1682 In
1121 1610 1299 1707 principio
1324 1610 1439 1684 huius

339 1733 522 1808 enunciati
538 1729 743 1802 addendum
760 1739 834 1822 est,
860 1729 958 1822 quod
982 1731 1175 1804 manifesto
1193 1730 1440 1828 desideratur,

340 1848 474 1926 αὗται
499 1854 568 1941 μὲν
584 1841 647 1918 οὖν
664 1843 721 1933 at,
746 1849 809 1921 vel
834 1840 964 1918 αὗται
987 1857 1072 1944 post
1096 1843 1244 1948 ἆπορίαι
1268 1853 1442 1924 inseren-

339 1974 448 2060 dum3
475 1991 581 2067 quam
599 1970 696 2042 enim
713 1969 890 2042 rationem
906 1967 1056 2071 Latmus
1085 1971 1266 2066 interpres
1290 1973 1439 2067 ingres·

339 2117 402 2170 sus
429 2102 503 2186 est,
542 2100 582 2160 ut
607 2089 645 2157 at
678 2082 824 2180 ἀπορίαι
856 2100 1043 2163 construat
1067 2113 1151 2164 eum
1176 2090 1291 2166 verbo
1316 2086 1468 2164 ἅπαν-ι

339 2222 472 2306 unctu,
490 2201 769 2310 ([ααεείίοαιβαε
792 2247 834 2263 -
857 2248 897 2262 -
913 2229 963 2276 ex
979 2205 1090 2277 datto
1105 2209 1290 2286 hactenus
1306 2239 1444 2288 occur-

341 2332 520 2418 rendum,
545 2349 626 2402 eam
661 2347 726 2422 per
758 2326 861 2418 leges
886 2324 1030 2418 linguae
1056 2345 1131 2396 non
1153 2327 1242 2398 lieet
1264 2331 1444 2422 probare.

341 2456 535 2533 Praeterea
550 2452 589 2523 in
607 2446 730 2524 verbis
747 2438 903 2517 ὥστε-
915 2447 1084 2543 πράττειν
1108 2450 1312 2544 corruptela
1336 2447 1446 2523 inest
1468 2468 1470 2538 t

342 2580 435 2652 adeo
466 2571 676 2665 manifesta,
713 2575 755 2639 ut
779 2587 860 2639 eam
898 2590 921 2637 a
951 2570 1097 2641 nemine
1134 2566 1310 2643 sublatam
1348 2590 1442 2643 esse

341 2702 419 2771 iure
453 2694 619 2778 mireris;
658 2689 792 2763 etenim
824 2688 865 2758 τὸ
903 2688 970 2784 βίᾳ
1002 2709 1075 2760 non
1107 2700 1165 2761 est
1193 2690 1291 2763 idem
1322 2711 1366 2762 ac
1393 2692 1441 2763 τὸ

343 2817 522 2900 ἑκούσιον,
560 2810 628 2884 sed
665 2809 762 2881 idem
800 2830 846 2881 ao
885 2810 926 2879 ro
966 2803 1147 2896 ἀκούσιον,
1184 2811 1232 2883 ef.
1272 2814 1305 2883 si
1343 2832 1440 2906 opus

311 2950 315 2965 '
346 2960 431 3011 esse
457 2934 624 3009 videatur
649 2929 734 3003 ⁸10.
767 2931 809 3001 τό
842 2953 881 3001 τε
905 2931 978 3028 γὰρ
1008 2931 1130 3023 βίαιον
1155 2924 1336 3019 ἀκούσιον,
1373 2938 1441 3003 καὶ

345 3059 386 3130 τὸ
413 3050 582 3128 ἀκούσιον
612 3054 685 3123 πᾶν
716 3050 840 3143 βίαιον
870 3045 965 3122 εἶναί
993 3075 1126 3145 φαμεν.
1177 3048 1235 3126 ¹⁵3.
1269 3055 1335 3147 βία
1374 3058 1440 3122 καὶ

345 3175 501 3255 ἄκοντες.
551 3170 633 3245 ²38.
673 3168 767 3243 enon
795 3175 859 3241 καί
889 3165 933 3243 οὗ
964 3173 1043 3268 βίᾳ.
1080 3167 1212 3245 ¹²1.or3
1249 3174 1315 3266 βία
1353 3165 1436 3242 ἀλλ’

346 3298 450 3373 ἑκών.
487 3292 574 3368 ΙἸθ.
613 3286 658 3367 οὕ
682 3294 749 3387 βίᾳ
773 3284 957 3389 οὐδέτερος
980 3286 1062 3365 ἀλλ’
1088 3291 1192 3365 ἑκών.
1222 3289 1434 3365 1’21--23,

345 3420 397 3495 Μ.
416 3418 468 3490 Μ.
487 3417 515 3513 1,
536 3415 593 3487 lo.
620 3440 654 3514 p.
672 3410 860 3486 11881226.
900 3412 942 3485 E.
970 3413 1014 3485 N.
1042 3414 1103 3510 111,
1134 3414 1165 3486 l.
1192 3439 1225 3510 p.
1243 3409 1434 3487 11091235.

346 3538 501 3615 Proinde
535 3533 764 3609 scribendum
798 3541 856 3605 est
891 3525 983 3603 ὥστε
1009 3531 1030 3626 ἢ
1054 3534 1106 3628 μὴ
1131 3531 1278 3616 ἑκόντας
1309 3529 1436 3628 ἢᾶμα

347 3661 413 3754 βίᾳ
436 3662 499 3728 καί
532 3654 742 3743 ἑκόντας,
780 3650 815 3725 εἰ
844 3649 882 3724 δὲ
908 3652 949 3723 τὸ
979 3655 1045 3749 βία
1078 3649 1320 3741 dunestor,
1356 3648 1435 3746 ἅμα

348 3778 495 3857 ἑκόντας
525 3780 587 3845 καί
612 3772 765 3852 ἄκοντας
788 3776 967 3871 nucinam

449 3899 531 3971 Alia
557 3895 602 3967 de
628 3895 825 3967 voluntatis
849 3881 1013 3967 libertate
1040 3898 1202 3990 quaestio
1220 3903 1296 3967 tum
1313 3899 1433 3991 oritur,

349 4040 459 4117 quum
484 4020 564 4113 quis
590 4024 717 4110 sponte
744 4015 889 4110 quidem
915 4014 1004 4087 facit
1028 4037 1119 4111 quae
1150 4015 1255 4110 facit,
1294 4018 1360 4090 sed
1384 4028 1432 4089 ta-

350 4163 434 4213 men
459 4140 593 4213 invitus
620 4145 657 4208 et
683 4138 787 4209 unice
825 4144 1017 4232 propterea
1051 4144 1088 4206 ut
1119 4136 1214 4208 aliud
1248 4140 1359 4211 evitet
1383 4139 1431 4209 in-
