3200 4975
330 457 376 530 58
1472 458 1473 501 ¹

324 637 522 731 taracona
546 644 679 720 ,οἴονται
705 639 842 722 ἄλλας
865 645 985 735 φιλίας
1007 639 1110 714 εἶναι.
1137 645 1190 740 (p.
1207 642 1421 735 1236227.)
1473 646 1474 717 i

325 759 429 834 Haec
453 760 566 836 verba
588 767 638 837 ita
653 767 772 860 accipi
798 773 958 860 oportet,
983 772 1024 836 ut
1048 758 1164 842 ἄλλας
1188 767 1308 856 φιλίας
1332 764 1422 836 sub·

325 882 458 954 iectum
484 886 531 956 sit
555 892 592 956 ct
617 879 706 960 εἶναι
732 885 931 980 praedicati
954 888 1074 973 locum
1089 882 1236 982 habeat,
1271 902 1422 981 negant

324 1027 400 1074 esse
421 1003 523 1075 alaim
556 1006 752 1105 quasdam
786 1004 998 1096 amicair‘as3
1035 1013 1072 1078 at
1094 1007 1165 1076 hoc
1195 1026 1267 1077 nec
1300 1009 1423 1080 voluit

329 1143 400 1194 nec
424 1126 541 1218 potuit
566 1126 690 1200 dicere
720 1129 971 1223 philosophus,
1010 1127 1078 1199 sed
1111 1125 1304 1199 dicendum
1338 1139 1422 1198 erat

321 1244 459 1338 potius:
485 1256 618 1341 negant
643 1249 780 1341 reliqua
799 1268 936 1341 genera
952 1248 1150 1344 amicitiae,
1175 1266 1266 1343 quae
1284 1246 1421 1318 referri

321 1365 585 1459 quodammodo
610 1367 657 1438 ad
686 1367 889 1460 primariam
918 1367 1111 1439 amicitiam
1137 1376 1244 1440 antea
1268 1369 1421 1461 exposi-

321 1493 498 1580 tamesi,
536 1487 682 1559 omnino
708 1490 896 1562 continere
921 1495 1085 1560 naturam
1109 1489 1297 1560 amicitiae.
1344 1487 1420 1557 Ita-

320 1626 391 1700 que
418 1604 647 1679 scribendum
665 1607 817 1682 arbitror
840 1600 906 1680 oria
922 1610 1057 1680 οἴονται
1080 1609 1159 1686 τὰς
1182 1603 1326 1684 ἄλλας
1350 1633 1420 1697 φι-

321 1727 401 1805 λίας
423 1723 514 1798 εῖναι
535 1780 548 1814 ,
575 1736 614 1799 ut
643 1750 709 1822 per
739 1727 918 1801 vocabula
942 1729 1004 1806 τᾶς
1028 1724 1144 1806 ἄλλας
1167 1728 1419 1822 significentur

322 1869 367 1918 ca
404 1848 581 1918 amicitiae
621 1867 773 1943 genera,
809 1869 900 1944 quac
934 1849 1085 1919 utilitate
1122 1851 1184 1921 vel
1224 1851 1416 1941 voluptate

319 1968 523 2061 iunguntur.
575 1966 636 2039 Ad
659 1969 751 2042 haec
777 1971 873 2042 enim
899 1990 1035 2064 genera
1058 1970 1177 2064 paulic
1203 1975 1287 2039 ante
1310 1988 1417 2038 corn-

319 2096 518 2159 memorata
547 2090 699 2178 respici,
737 2091 910 2177 proximis
942 2092 1050 2159 etiarn
1089 2087 1259 2162 cvcrbis
1290 2096 1419 2184 potest

320 2207 494 2298 cognosci
519 2200 564 2271 ai
589 2200 620 2272 δ’
637 2198 704 2271 εἰσί
723 2204 792 2294 μὲν
814 2203 892 2271 κτλ.
918 2208 956 2271 et
979 2202 1062 2272 ⁸29.
1090 2203 1166 2276 οὐδ’
1182 2202 1272 2276 εἶναι
1290 2208 1421 2297 φιλίας

320 2323 396 2400 τὰς
420 2317 563 2401 ἄλλοις
589 2331 707 2414 φασίν.

419 2441 681 2517 Describuntur·
711 2440 841 2513 deindo
874 2443 1014 2536 singula
1044 2441 1226 2513 amicitiae.
1259 2460 1416 2535 genera.
1483 2478 1485 2504 ι

320 2590 354 2659 p.
385 2560 545 2636 laath-2.
584 2559 670 2654 ἡδὲ
694 2572 774 2632 κατ’
800 2555 930 2657 α’ρετιὶν
968 2562 1045 2651 (sc.
1073 2564 1176 2653 φιλία
1202 2559 1297 2651 ἐστὶ)
1335 2568 1417 2635 τῶν

318 2686 525 2776 βελτίστων.
552 2681 707 2780 φανερὸν
732 2680 763 2753 δ’
790 2680 829 2753 ἐκ
854 2677 990 2753 τούτων
1015 2676 1072 2752 ὅτι
1095 2679 1118 2773 ἡ
1142 2684 1267 2779 πραίτι]
1293 2684 1444 2771 critas
1483 2729 1484 2736 ι

318 2802 439 2897 ἡτῶν
477 2794 648 2895 ἀγαθῶν,
687 2801 781 2874 ἐστίν
819 2797 1001 2893 ἀντιφιλία
1030 2807 1093 2872 καί
1126 2794 1413 2900 ἀντιπροαίρεσις

318 2925 407 3023 πρὸς
435 2916 623 3014 ἀλλήλους.
674 2923 781 2995 Falsa
815 2923 1045 2995 distinctione
1077 2925 1256 2995 sententia
1293 2944 1409 2995 enun-

319 3047 404 3118 ciati
428 3063 602 3145 perversa
628 3052 700 3132 est3
728 3043 926 3116 omittenda
950 3052 1033 3115 sunt
1058 3050 1252 3137 commata,
1278 3042 1410 3139 quibus

318 3166 431 3243 verba
460 3162 482 3257 ἦ
515 3168 586 3236 τῶν
619 3158 776 3266 dyest&
807 3163 1052 3258 includuntur,
1094 3165 1178 3258 quia
1209 3165 1301 3235 hacc
1332 3184 1408 3235 non

317 3310 384 3385 per
422 3288 683 3383 appositionem
709 3284 762 3375 ch
797 3282 999 3357 subiectum
1024 3285 1223 3379 pertinent,
1261 3283 1329 3356 sed
1361 3285 1410 3355 ad

318 3408 563 3503 praedicatum
596 3407 778 3478 enunciati
810 3404 983 3477 trahenda
1013 3412 1106 3476 sunt.
1161 3403 1216 3475 cf.
1244 3427 1279 3498 p.
1310 3402 1407 3475 1237

319 3527 399 3597 231.
440 3524 548 3618 δῆλον
578 3518 633 3595 ὅτι
666 3529 729 3594 καί
753 3515 848 3600 ὅλως
871 3520 892 3614 ἡ
919 3525 1020 3613 φιλία
1044 3521 1211 3621 ἡπρώτη
1237 3516 1409 3619 α’ντιιτρο-

319 3652 450 3742 αίρεσις
474 3647 548 3715 τῶν
569 3643 693 3725 ἁπλῶς
717 3638 913 3736 &retiari
938 3641 1061 3737 ἡδίων.
1113 3644 1228 3716 Recte
1254 3650 1407 3737 scripto·

317 3771 367 3840 ris
394 3765 607 3839 sententiam
631 3769 811 3859 interpres
836 3763 983 3837 Latinus
1000 3764 1143 3840 videtur
1164 3765 1404 3859 perspexisse.

324 3932 363 3947 -
395 3886 567 3981 Princeps
592 3884 700 3977 igitur
724 3885 880 3960 amicitia
904 3887 942 3956 in
966 3892 1092 3956 mutua
1115 3884 1291 3973 bonorum
1317 3905 1404 3956 con·

318 4007 412 4079 sistit
433 4009 652 4100 voluntate,
694 4010 800 4100 atquc
840 4025 885 4076 ca
921 4022 995 4075 non
1037 4005 1218 4079 invenitur
1259 4005 1329 4076 nisi
1367 4006 1404 4074 in

317 4122 537 4219 horninibus,
563 4126 699 4221 reliqua
717 4146 807 4197 vcro
824 4125 1002 4197 amicitiae
1028 4145 1162 4217 genera
1178 4125 1286 4197 etiam
1310 4126 1403 4194 inter
