3200 4975
1216 463 1262 534 61

165 627 230 723 a'n.
260 642 626 745 n1,10.p.lssus.
668 644 729 740 ιιι,
749 645 784 716 ο.
806 639 1008 739 pls-nes.
1048 644 1152 717 nnn.
1171 655 1264 741 post.

164 773 202 866 l,
222 769 282 842 24.
302 791 336 863 p.
352 763 478 855 851126.
507 764 593 854 (ubi
610 763 704 838 falso
724 772 806 837 ante
824 758 916 835 ὥστε
934 767 1041 860 plene
1059 764 1267 840 distinctum

165 893 257 978 est)
294 889 329 983 1,
356 886 416 959 25.
442 910 476 981 p.
505 884 645 964 861136.
672 883 761 958 Met.
789 891 829 970 Ι,
850 882 885 956 4.
903 907 937 978 p.
960 883 1134 956 1055222.
1160 889 1211 960 M.
1231 885 1266 962 7.

167 1036 212 1105 p.
239 1005 411 1078 1081232.
438 1005 550 1098 Phys.
573 1005 635 1101 111,
661 1004 696 1077 4.
722 1026 758 1100 p.
786 1002 937 1075 203232.
964 1002 1007 1076 E.
1033 1004 1180 1103 N.v11,
1209 1007 1265 1081 15.

168 1155 213 1224 p.
241 1125 398 1198 liuta-25
426 1125 523 1215 (Zell
546 1124 592 1197 ad
615 1128 650 1197 h.
668 1128 691 1197 l.
717 1125 762 1198 Il.
788 1147 824 1219 p.
844 1121 963 1214 324).
1002 1122 1053 1196 Μ.
1080 1124 1133 1199 Μ.
1158 1127 1204 1223 11,
1231 1126 1265 1200 7.

171 1273 211 1344 p.
235 1243 385 1319 1205117.
413 1246 458 1342 ΙΙ,
488 1244 543 1316 11.
571 1268 606 1339 p.
637 1243 813 1316 1211222.
839 1282 890 1296 -
922 1242 1134 1318 Perturbatn
1158 1251 1267 1322 etiam

172 1376 263 1441 sunt
287 1368 450 1461 proxima
466 1362 579 1438 verba
595 1361 647 1436 ἔτι
664 1364 703 1436 te
720 1363 914 1462 διοριστέον
929 1367 1010 1461 περὶ
1027 1359 1154 1436 τούτου
1168 1370 1269 1459 μᾶλ-

169 1491 240 1558 λον
267 1485 339 1577 ἔχει
370 1482 563 1572 ἐπίστασιν,
595 1485 744 1581 πότερον
772 1482 845 1579 γὰρ
871 1482 913 1554 τὸ
947 1475 1048 1580 αὕτῴ
1072 1479 1270 1579 ἅγαθὸνῆ

170 1609 217 1678 τὸ
253 1603 378 1685 ἅπλῶς
410 1599 559 1697 speetu
591 1606 718 1694 φίλον,·
756 1600 990 1675 Adiectivum
1021 1602 1168 1678 verbale
1193 1630 1269 1681 non

168 1734 298 1824 potest
323 1731 539 1822 suspensum
565 1745 648 1796 esse
674 1721 718 1794 ab
745 1719 818 1812 ἔχει
842 1718 1047 1809 ἐπίστασιν,
1085 1724 1152 1796 sed
1176 1729 1268 1800 haee

168 1846 289 1921 verba
323 1844 393 1938 ἔχει
430 1844 611 1916 ἐπίστασιν
648 1841 824 1915 trahenda
860 1849 945 1914 sunt
981 1842 1028 1913 ad
1066 1847 1270 1937 proximum

169 1970 425 2060 enunciatum,
463 1973 505 2034 ut
537 1962 754 2053 transposita
782 1962 957 2054 particula
988 1963 1060 2058 γάρ
1093 1964 1269 2040 scribatur

167 2087 248 2177 ἔχει
273 2086 362 2179 γὰρ
389 2081 570 2152 ἐπίστασιν
590 2079 741 2176 πότερον
765 2077 820 2149 τὸ.
871 2078 928 2151 cl.
953 2103 987 2176 p.
1010 2081 1183 2156 1237218.
1211 2086 1270 2156 ἕν-

166 2203 304 2278 ταῦθα
336 2201 407 2299 γοὶρ
441 2197 666 2285 ἐπιστατέον,
703 2205 765 2268 καί
806 2209 976 2271 σκεπτέον
1011 2199 1160 2300 πότερον
1188 2186 1267 2280 κτλ.

165 2328 357 2418 interpres
373 2321 448 2392 Lat.
466 2321 534 2391 hae
561 2317 770 2390 difficultate
796 2318 966 2394 facillime
991 2323 1042 2394 its
1062 2324 1270 2422 defungitur

167 2452 215 2519 ut
241 2440 311 2534 ἔχει
337 2439 520 2514 ἐπίστασιν
546 2446 583 2511 et
606 2437 679 2535 γὰρ
695 2439 844 2512 omittat.
871 2478 923 2493 -
946 2439 1140 2539 Aliquanto
1157 2448 1267 2519 auda-

166 2567 255 2637 cius
281 2564 445 2658 proxima
460 2558 680 2632 immutanda
701 2555 853 2633 arbitror
869 2562 916 2631 τά
931 2584 969 2632 τε
984 2564 1058 2660 γὰρ
1073 2564 1126 2657 μὴ
1143 2562 1270 2647 ἁπλοῖς

170 2679 308 2776 ἀγαθοὶ
333 2674 431 2752 ἄλλα
451 2680 547 2750 κακὰ
573 2675 698 2756 ἁπλαῖς
721 2680 809 2773 τύχῃ
830 2682 978 2769 φευκτά,
1016 2703 1170 2781 namque
1196 2692 1270 2767 soie

171 2801 302 2880 ἁπλῶς
336 2794 496 2893 ἀγαθοῖς
522 2801 593 2871 hoe
626 2802 730 2896 loeo,
769 2801 803 2871 si
834 2803 1093 2875 sententiarum
1132 2828 1267 2882 nexum

171 2922 422 3019 spectavere,
454 2940 529 2991 non
553 2918 769 3014 opponenda
794 2928 899 2993 erant
922 2918 970 2991 τὰ
994 2926 1103 3021 κακοί,
1128 2926 1196 2999 sed
1221 2928 1267 2999 wi

173 3042 315 3138 ἑκάστῳ
342 3042 404 3114 vel
422 3039 466 3109 τοὶ
492 3031 611 3135 αὐτῷ
633 3030 777 3129 ἀγαθοί,
803 3046 842 3111 et
857 3047 942 3112 ante
958 3043 1045 3136 τύχῃ
1061 3044 1266 3121 addendum

175 3170 235 3233 est
262 3156 323 3232 ἄν.
354 3158 598 3254 -Denique
628 3160 666 3229 in
699 3162 871 3231 extremis
901 3158 1024 3235 verbis
1055 3185 1121 3259 pro
1156 3160 1270 3247 οὕτως

174 3279 362 3354 Bekkerus
389 3280 535 3373 egregie
562 3286 601 3351 ut
628 3280 722 3350 solet
747 3280 906 3351 coniecit
936 3274 1063 3378 αὐτῷ.
1103 3284 1158 3355 Cf.
1173 3285 1263 3357 Met.

172 3406 216 3495 Z,
235 3397 270 3470 4.
294 3424 328 3495 p.
351 3394 535 3471 10291110.
563 3436 613 3450 -
638 3396 742 3469 Haec
768 3399 911 3471 sicum
935 3402 1054 3499 aliqua
1078 3404 1158 3476 veri
1182 3425 1265 3498 spe-

173 3521 231 3590 cie
266 3518 546 3614 disputavimus,
577 3518 669 3589 hane
702 3518 781 3592 fere
814 3520 1039 3595 informem
1071 3524 1265 3597 universus

172 3642 277 3711 loeus
303 3638 521 3731 redigendus
553 3636 735 3713 videatur:
787 3636 864 3708 ἐπεὶ
895 3636 927 3709 δ’
959 3637 1086 3721 ἅπλῶς
1117 3636 1266 3734 ἀγαθὸν

171 3764 236 3828 καί
261 3756 387 3836 ἅπλῶς
410 3755 475 3849 ἡδο)
501 3754 543 3827 τό
570 3750 656 3826 αὐτὸ
690 3760 752 3825 καὶ
784 3748 884 3848 ἅμα,
918 3752 963 3830 ἄν
991 3755 1045 3854 μή
1077 3786 1116 3833 τι
1147 3761 1265 3852 ἐμπο-

172 3877 270 3972 δίζῃ,
296 3876 316 3949 0
343 3878 374 3950 li
393 3870 569 3969 ἀληθινὸς
593 3877 696 3966 φίλος
719 3880 782 3945 καί
807 3872 934 3958 ἁπλαῖς
957 3875 1138 3978 nupsistis·
1153 3876 1264 3967 ἐστιν,

172 3994 247 4068 ἔστι
273 3998 303 4069 p
330 3996 351 4069 ὀ
379 3998 536 4072 τοιοῦτος
559 3991 580 4065 ὅ
608 3994 652 4065 δι’
680 3991 788 4067 αὑτὸν
814 3989 921 4076 αὐτὸς
944 3997 1081 4097 αἱρετός
1103 3991 1264 4090 (α’νάγνη

172 4116 203 4187 δ’
222 4114 311 4190 εἶναι
331 4120 508 4189 τοιοῦτον·
536 4111 585 4194 ὥς
608 4113 679 4213 γᾶρ
704 4116 879 4205 βούλεταί
899 4140 951 4196 τις
973 4112 1023 4189 δι’
1036 4114 1147 4189 αὑτὸν
1173 4113 1264 4189 εἶναι
