3200 4975
327 568 350 642 4

325 775 393 828 nus
406 754 633 847 Srauenu*).
677 753 712 828 Is
730 755 827 827 enim
852 751 908 826 his
933 750 1032 826 libris
1050 713 1243 849 diligenter
1267 762 1306 837 et
1329 761 1424 834 inter

325 899 366 950 se
393 885 539 950 etcum
565 877 713 973 reliquis
734 873 977 948 Aristotelieis
1002 877 1231 972 comparatis,
1258 875 1425 954 adhibitis

325 997 456 1070 deinde
473 998 617 1094 paucis,
642 1018 735 1093 quae
754 993 878 1068 afferri
893 1005 1065 1095 possunt,
1089 999 1305 1092 scriptorum
1322 1003 1423 1074 testi-

323 1120 474 1214 moniis,
506 1116 752 1190 Nicomachea
776 1114 907 1188 Ethica
931 1113 976 1188 ab
1001 1118 1082 1213 ipso
1108 1119 1314 1222 conscripta
1338 1141 1425 1196 esse

324 1242 541 1337 Aristotele,
579 1237 839 1312 Eudemiorum
876 1245 1063 1310 auctorem
1092 1258 1177 1311 esse
1205 1235 1424 1337 Eudemum,

193 1431 198 1442 .
325 1363 541 1459 discipulum
557 1366 665 1456 atque
685 1357 888 1430 auditorem
905 1358 1131 1455 Aristotelia,
1156 1381 1205 1433 ex
1229 1362 1285 1434 his
1302 1360 1423 1436 Eude-

323 1485 406 1556 miis
424 1481 593 1578 denique,
610 1476 767 1553 adhibito
784 1479 845 1550 hic
861 1480 935 1551 illic
951 1481 1065 1575 ipsius
1077 1478 1285 1555 Aristotelis
1297 1503 1424 1580 opere,

323 1604 526 1704 posteriore
551 1609 672 1677 aetate
697 1607 872 1697 excerpta
903 1623 988 1676 esse
1019 1600 1156 1698 Magna
1178 1599 1334 1677 Moralia
1358 1603 1423 1676 de·
1480 1654 1481 1701 ,

323 1725 559 1816 monstravit,
596 1732 704 1818 atque
729 1723 823 1797 haec
847 1724 971 1797 omnia
1000 1726 1051 1793 ita
1075 1722 1343 1818 comprobavit,
1383 1733 1425 1794 ut
1480 1760 1481 1827 p

323 1867 442 1944 neque
469 1843 515 1920 de
537 1842 841 1932 eiussententiae
859 1840 1013 1916 veritate
1030 1838 1185 1914 dubitari
1213 1848 1252 1910 et
1276 1839 1323 1910 ad
1340 1859 1422 1913 eam

323 1963 605 2042 commendam
634 1965 700 2040 vix
732 1960 925 2062 quidqmm
959 1959 1067 2032 adiici
1097 1979 1208 2053 posse
1240 1957 1419 2034 videatur.
1480 1976 1481 2035 l

322 2091 446 2186 ltaque
466 2086 645 2158 Eudemia
660 2083 790 2156 Ethica
807 2092 846 2153 et
861 2083 997 2174 Magna
1012 2080 1165 2152 Moralia
1181 2080 1333 2174 posthac
1358 2085 1421 2156 vel
1480 2068 1481 2075 '

321 2205 522 2282 omittenda
546 2212 651 2280 erunt
668 2225 716 2276 ex
731 2203 1046 2276 Aristotelicormn
1063 2197 1236 2272 libromm
1251 2223 1421 2300 corpore,
1480 2274 1481 2293 ,

320 2333 383 2406 vel
400 2331 450 2402 ita
466 2327 673 2426 retinenda,
700 2334 740 2399 ut
755 2324 969 2421 placitorum
990 2342 1066 2394 non
1081 2318 1277 2397 verborum
1294 2333 1421 2395 aucto-

321 2473 399 2527 rem
425 2449 660 2527 Aristotelem
685 2444 892 2521 habeamus
1480 2432 1481 2441 '

422 2570 499 2647 Sed
522 2572 610 2645 licet
634 2571 671 2644 hi
694 2567 776 2641 libri
792 2565 959 2667 privandi
975 2567 1048 2639 sint
1063 2565 1287 2640 Aristotelici
1303 2570 1419 2639 nomi·

319 2700 376 2771 nis
402 2692 617 2792 splendore,
650 2710 758 2788 quem
784 2688 880 2763 falso
906 2709 992 2783 prae
1019 2708 1060 2761 se
1087 2691 1265 2782 tulerunt,
1297 2695 1421 2761 tamen

317 2836 545 2915 nequaquem
570 2821 655 2887 suut
670 2808 929 2896 contemnendi
953 2810 1016 2887 vel
1040 2806 1272 2902 negligendi3
1298 2830 1420 2905 neque

318 2942 417 3015 enim
442 2959 508 3035 par
533 2957 575 3009 se
601 2932 738 3027 indigni
755 2931 926 3008 videntur
949 2931 1013 3027 qui
1036 2931 1220 3024 legantur,
1246 2935 1285 3003 ct
1306 2950 1419 3024 saepe

318 3056 451 3159 aliquid
477 3054 671 3132 conferunt
686 3052 733 3127 ad
750 3050 966 3150 explicanda
975 3047 1240 3146 Nicomachea,
1265 3048 1303 3123 id
1321 3049 1420 3146 quod

264 3272 267 3278 Δ
317 3206 366 3258 ex
398 3180 505 3255 Zellii
536 3176 817 3272 commentario,
852 3172 962 3252 docte
992 3179 1031 3246 et
1067 3178 1237 3245 accurate
1270 3174 1418 3266 scripto,

317 3301 494 3401 cognosci
519 3303 662 3395 potest,
686 3295 842 3392 denique
869 3316 918 3369 ex
941 3295 1012 3367 hoc
1036 3273 1222 3365 luculento
1246 3294 1418 3387 exemplo
1479 3251 1480 3328 Ῑ

316 3424 564 3518 intelhgimus,
582 3438 689 3514 quam
706 3424 783 3489 arte
801 3425 840 3489 et
855 3416 1025 3509 religiose
1043 3413 1275 3509 Peripatetici
1291 3424 1416 3487 aueto-
1479 3359 1481 3442 μ

316 3548 366 3623 ris
405 3544 463 3617 sui
491 3540 647 3634 vestigia
676 3540 793 3611 secuti
831 3539 903 3612 iam
941 3534 986 3609 ab
1015 3537 1118 3609 initio
1147 3533 1418 3630 interpretando

317 3667 432 3763 magis
458 3671 496 3737 et
521 3659 737 3756 explicando
762 3656 971 3733 Aristotelis
996 3655 1128 3755 verba,
1161 3674 1268 3751 quam
1301 3654 1415 3747 philo-

317 3784 506 3889 sophando
531 3770 679 3881 operam
710 3778 886 3855 dederint.
939 3777 1083 3868 Quotus
1116 3782 1237 3847 autem
1263 3775 1414 3868 quisquc

317 3974 529 3991 ......-.--n

319 4078 322 4087 ¹
362 4084 398 4164 ᾗ)
441 4082 542 4144 Ueber
564 4078 611 4139 die
633 4091 721 4140 anter
742 4078 809 4139 deur
830 4081 946 4142 Nomen
969 4072 1019 4135 des
1041 4066 1215 4133 Aristotcles
1242 4068 1412 4129 rrhaltencn

438 4182 600 4246 Ethiscben
622 4180 782 4243 Schriften.
825 4177 956 4262 (Attal.
979 4179 1032 4238 der
1058 4174 1131 4235 bair.
1161 4171 1218 4233 Al.
1241 4175 1294 4232 der
1315 4171 1409 4231 Wiss.

438 4287 462 4351 ι.
476 4287 521 4350 u.
544 4288 599 4347 ru.
613 4281 672 4348 ιιι.
693 4283 839 4346 norun.
860 4304 890 4363 p.
912 4277 1105 4357 ιιι-ιιι.)
