3200 4975
1233 455 1275 531 51

190 654 373 744 interpres
398 647 542 720 Latinus
569 652 606 716 et
639 644 696 715 ed.
724 643 904 738 nauem,
935 647 1018 738 quia
1043 643 1156 716 verba
1189 635 1281 717 οδτω

188 795 223 842 κ.
243 794 275 841 τ.
294 793 333 839 π.
351 791 379 838 τ.
398 784 439 862 ην.
456 761 690 857 παθημάτων
715 766 765 836 ita
791 786 968 858 suspensa
993 773 1078 836 sunt
1099 762 1143 836 ab
1169 757 1282 838 ούθὲν

191 892 342 974 κωλύει,
369 895 505 960 utnon
531 885 670 978 possint
701 885 807 956 simul
839 887 1009 978 coniungi
1040 906 1125 956 oum
1157 885 1192 956 oi
1215 890 1284 978 μὲν

193 1009 306 1086 δειλοί
335 1030 368 1077 κ.
401 1005 445 1078 θ.
479 1003 744 1098 διαφεύδονται.
820 1003 944 1078 Posito
988 1012 1110 1078 eutem
1148 1014 1284 1101 puncto

194 1137 276 1225 post
299 1123 534 1218 παθημάτων
559 1122 801 1217 coniungendi
832 1125 1007 1217 particula
1037 1134 1121 1219 post
1151 1125 1186 1197 oi
1216 1131 1285 1219 μὲν

193 1248 358 1321 addenda
385 1247 471 1340 erit,
497 1243 531 1314 oi
555 1248 623 1335 μὲν
647 1237 724 1314 οὖν
749 1240 860 1313 δειλοὶ
874 1246 951 1313 κτλ.
1005 1246 1166 1318 Similem
1182 1249 1284 1319 leoti-

197 1391 305 1440 onem
344 1369 520 1459 interpres
559 1362 706 1436 Latinus
737 1365 799 1435 vel
823 1364 1009 1437 invenisse
1035 1367 1073 1437 in
1097 1374 1201 1438 textu
1227 1372 1288 1442 vel

195 1512 244 1560 ex
276 1487 423 1578 ingenio
462 1483 630 1578 posuisse
669 1481 833 1572 videtur,
876 1485 972 1576 quod
1013 1488 1124 1558 vertit
1162 1485 1290 1560 tzinzili

198 1607 300 1678 enim
327 1617 361 1675 et
387 1603 557 1674 audaces
580 1639 631 1652 -
656 1599 900 1696 ἀετιμιίιηίωκ

298 1723 475 1817 Exposita
491 1721 707 1795 fortitudinis
724 1727 851 1791 natura
867 1725 981 1793 altero
999 1726 1134 1821 eapite,
1159 1727 1222 1822 111,
1239 1727 1288 1824 ⁰2.‚

128 1887 130 1890 -
196 1845 429 1940 philosophus
461 1842 508 1914 ad
550 1839 801 1935 explicandam
838 1845 1113 1936 temperantiam
1150 1850 1289 1944 transit,

197 1986 305 2059 quarn
334 1963 495 2038 medium
523 1964 646 2030 looum
675 1965 803 2028 tenere
835 1958 945 2032 docet
975 1962 1070 2033 inter
1095 1958 1291 2037 ἀκολασίαν

197 2094 237 2155 et
271 2078 524 2170 ἀναισθησίαν.
563 2075 637 2148 ἐπεὶ
669 2075 701 2146 δ’
726 2074 822 2146 ἔστιν
845 2074 1024 2173 όπερβολη
1048 2089 1111 2154 καὶ
1135 2083 1293 2182 ἔλλειψις

199 2207 280 2299 περὶ
306 2195 397 2271 αύτά
423 2201 467 2289 (1.
483 2221 515 2270 e.
530 2198 575 2268 τά
591 2195 756 2288 ποιητικά
775 2197 884 2286 λύπης
907 2205 969 2269 καὶ
994 2199 1159 2294 ἡδονῆς),
1185 2204 1293 2298 δῆλον

201 2317 256 2392 ότι
281 2326 342 2392 καὶ
357 2321 521 2412 μεσότης,
545 2322 608 2387 καὶ
623 2319 788 2408 βελτίστη
810 2311 898 2431 αύιη
923 2313 1052 2407 ἡδξις,
1077 2329 1140 2394 καὶ
1156 2319 1294 2416 ἀμφοῖν

128 2495 131 2537 η
199 2441 354 2517 ἐναντία.
394 2434 485 2511 ὥστε
513 2438 720 2537 σωφροσύνη
751 2433 963 2530 ἡβελτίστη
989 2437 1078 2528 ἕξις,
1115 2449 1196 2541 περὶ
1221 2442 1292 2515 aa

202 2557 420 2646 ἀκόλαστος,
458 2556 480 2650 ἡ
506 2563 585 2654 περὶ
610 2558 655 2627 τά
680 2555 768 2649 ἡδέα
793 2557 840 2627 τά
872 2556 1040 2655 εἰρημένα
1063 2563 1137 2635 τεόν
1161 2562 1295 2657 αἶσθη.

202 2683 276 2752 τῶν
299 2680 471 2771 μεσότης,
511 2672 720 2777 σωφροσύνη
746 2671 791 2747 ἀν
816 2677 869 2769 εἴη
875 2729 888 2764 ,
917 2681 1069 2773 μεσότης
1093 2677 1183 2755 σδσοι
1207 2680 1296 2756 nixo.

203 2804 329 2877 λασίας
352 2804 414 2867 καὶ
440 2792 688 2888 ἀναισθησίας.
715 2798 772 2892 (p.
803 2796 1016 2889 1231236.)
1071 2803 1195 2874 Verba
1220 2826 1295 2875 ma.

204 2920 337 2992 nifesto
355 2918 574 3014 depravata3
601 2919 681 3012 quis
699 2919 795 2989 enirn
816 2916 904 2989 ferri
915 2939 1025 3013 posse
1039 2920 1136 2993 dieat
1152 2945 1298 3020 σωφρο-

206 3036 291 3131 σύνη
330 3039 539 3135 σωφροσύνη
579 3034 625 3106 ἀν
654 3037 716 3127 εἴη.
781 3035 1010 3111 Addendum·
1032 3038 1132 3130 ἐπεὶ
1162 3040 1183 3134 ἡ
1216 3052 1300 3137 post

207 3154 298 3229 ὥστε
324 3166 362 3230 et
387 3159 440 3231 sio
465 3156 778 3251 distinguendum:
803 3150 895 3227 ὥστε
920 3157 1017 3231 ἐπεὶ
1039 3157 1063 3251 ἦ
1089 3160 1301 3261 σωφροσύνη

208 3275 229 3369 ἦ
255 3278 417 3369 βελτίστη
444 3276 514 3363 ἕξις
537 3283 617 3375 περὶ
643 3277 667 3347 δ
693 3274 713 3346 δ
742 3270 959 3364 ἀκόλαστος,
992 3277 1120 3376 auspi
1144 3284 1189 3350 τά
1213 3280 1301 3372 ἡδέα

209 3394 256 3467 τά
281 3393 446 3491 εἰρημένα
460 3401 536 3497 Ιτεόν
562 3395 748 3489 αἰσθητῶν
768 3398 920 3489 μεσότης
941 3404 1150 3497 σωφροσύνη
1175 3397 1221 3469 ἀν
1237 3400 1302 3492 εἴη,

190 3600 196 3609 ,
208 3518 361 3610 μεσότης
396 3509 483 3586 οδσα
516 3510 711 3595 ἀκολασίας
740 3524 804 3586 καὶ
835 3511 1082 3608 ἀναισθησίας.
1150 3519 1321 3593 Prorsus·

211 3637 337 3709 eadem
364 3637 502 3707 ratione
520 3647 557 3707 et
573 3637 701 3709 iisdem
718 3656 832 3731 prope
850 3634 973 3708 verbis
989 3642 1301 3713 mansuetudinem

213 3758 250 3827 in
273 3756 522 3829 mediocritate
548 3757 700 3852 quadam
727 3756 828 3827 cerni
859 3757 1014 3852 scriptor
1039 3759 1149 3832 docet
1173 3757 1242 3851 111,
1269 3756 1302 3829 3.

212 3899 246 3971 p.
285 3874 474 3947 lamb-24.
516 3871 631 3949 ὥστε
663 3875 760 3947 ἐπεὶ
791 3882 870 3949 καὶ
899 3874 1056 3973 πραότης
1087 3874 1109 3967 ἡ
1141 3876 1305 3966 βελτίστη

213 3994 283 4081 ἕξις
306 4001 385 4093 περὶ
402 3999 515 4069 ταῦτα
534 3996 578 4067 τά
595 3994 700 4087 πάθη
718 3994 824 4079 ἐστίν,
850 3995 916 4084 εἴη
942 3989 999 4064 ἀν’
1011 3993 1126 4087 καὶὴ
1151 3997 1308 4090 πραότης

128 4156 129 4167 ¹
214 4118 367 4209 μεσότης
389 4140 440 4193 τις
464 4120 541 4187 κτλ.
595 4116 649 4186 Cf.
676 4124 865 4209 praeterea
882 4115 1033 4186 eandem
1059 4123 1097 4187 et
1113 4126 1307 4209 argumen-
