3200 4975
353 430 454 533 lc¹

352 619 412 688 vel
428 619 466 688 in
483 617 662 692 vocabulo
679 621 822 718 πρῶτον
833 625 945 695 latere
962 634 1084 718 potest
1104 631 1187 698 τοῖο
1205 631 1448 726 φοβερῶν,ἶ

349 741 436 809 ποῖα
452 733 515 810 οὖν
538 737 706 832 ὑπομένει
732 738 753 812 b
785 735 945 839 ἀνδρεῖος
968 749 1057 816 τῶν
1081 750 1296 846 φοβερῶν
1323 753 1376 823 cs.
1405 753 1449 825 E.

350 858 393 929 N.
422 859 490 954 lll,
522 861 555 932 9.
582 885 617 955 p.
649 861 836 935 limma.
878 869 961 961 arpi
983 872 1071 939 ποῖα
1088 862 1150 940 οὖν
1174 874 1248 942 τῶν
1272 875 1450 967 conspuit*

349 973 569 1078 atrapens,
595 986 657 1055 vel
682 983 849 1081 denique,
876 1007 969 1081 quae
994 991 1178 1062 lenissima
1202 1000 1261 1064 est
1284 994 1444 1090 medela,

348 1100 577 1176 disfinctione
604 1107 722 1201 posita
753 1115 838 1200 post
861 1101 1034 1202 ἀνδρεῖος,
1058 1114 1204 1205 πρῶτον
1218 1112 1358 1186 referri
1386 1137 1444 1210 po·

347 1229 420 1296 test
436 1223 483 1295 ad
499 1226 663 1320 proxima
687 1229 830 1323 πρῶτον
846 1228 997 1324 πότερον
1024 1229 1068 1298 τὰ
1093 1234 1189 1320 κτλ,
1214 1231 1445 1330 subiungitur

347 1345 443 1416 enim
468 1355 597 1440 postea
619 1369 655 1440 p.
683 1341 892 1442 mahta,
924 1352 1089 1444 quamvis
1114 1373 1187 1424 non
1212 1354 1340 1426 addita
1369 1376 1455 1452 par-³

345 1467 455 1537 ticula
494 1462 616 1538 ἔπειτα
641 1469 704 1541 vel
745 1467 853 1540 simili
890 1473 1170 1544 enumerationis
1208 1476 1335 1572 signu,
1380 1474 1456 1548 allal

345 1587 509 1681 quaestio
534 1586 580 1660 ad
606 1586 828 1663 definiendas
854 1611 918 1664 cas
949 1613 1010 1666 res
1036 1591 1233 1691 terribiles,
1259 1617 1355 1691 quas
1393 1599 1439 1669 vir

345 1707 449 1782 fortis
474 1711 658 1782 sustineat.

444 1829 705 1915 Quaestionem
729 1829 841 1904 modo
863 1835 1096 1931 propositam,
1121 1844 1240 1910 utuun
1258 1860 1352 1933 quae
1373 1835 1445 1911 sibi

342 1971 390 2022 an
414 1971 506 2045 quae
525 1952 602 2024 aliis
620 1952 791 2026 terribilia
816 1957 888 2028 sint
904 1958 962 2030 vir
977 1957 1082 2030 fortis
1099 1960 1290 2054 sustineat,
1315 1960 1444 2056 proxi·

342 2073 411 2143 mis
437 2071 558 2144 verbis
584 2074 638 2140 sic
672 2077 899 2163 persequitur
930 2079 1187 2169 philosophus:
1229 2078 1264 2151 εἰ
1281 2085 1361 2172 μὲν
1400 2077 1445 2168 δὴ

343 2192 388 2262 τᾶ
413 2187 523 2286 ἑτέρῳ
551 2184 693 2286 φοβεροί
700 2241 713 2276 ,
747 2180 860 2259 οὐθὲν
888 2190 1021 2278 σεμνὸν
1052 2203 1138 2280 φαίη
1170 2193 1216 2264 ἄν
1241 2224 1294 2276 τις
1322 2195 1446 2270 εἶναι·

342 2309 377 2381 ai
398 2308 436 2381 δὲ
454 2310 499 2382 τὰ
523 2307 637 2406 αὖτῳ,
662 2311 714 2401 εἴη
740 2306 785 2380 ἄν
802 2305 902 2403 αὐτῷ
917 2308 1063 2400 μεγάλα
1075 2313 1138 2378 καὶ
1153 2313 1299 2408 φοβεροὶ
1313 2320 1449 2403 φόβου

341 2435 506 2528 ποιητικὰ
531 2430 670 2525 ἑκάστῳ
697 2423 729 2525 ῳ
752 2429 916 2526 φοβερά,
946 2424 1023 2501 οἷον
1047 2426 1083 2502 εἰ
1103 2434 1172 2521 po
1201 2432 1344 2530 σφόδρα
1362 2458 1447 2523 φο-

341 2557 446 2651 βερά,
472 2554 523 2643 εἴη
549 2546 594 2623 ἄν
618 2548 758 2647 ἰσχυρὸς
782 2547 807 2623 ὃ
829 2553 966 2643 φόβος,
992 2549 1079 2624 alsi
1108 2545 1239 2651 ἠρέμα,
1266 2547 1443 2646 ἀσθενής.

340 2673 463 2747 Verba
487 2673 539 2765 εἴη
564 2666 609 2743 ἂν
625 2667 724 2767 cirri
750 2708 800 2725 -·-
826 2665 1016 2770 ῳῗφοβερά
1047 2682 1171 2768 aperte
1195 2682 1280 2747 sunt
1304 2675 1439 2770 depra-

339 2804 442 2889 vata,
479 2793 546 2867 sed
570 2814 688 2889 neque
715 2814 762 2865 ex
786 2794 982 2890 interprete
1008 2792 1152 2890 Latino,
1186 2797 1247 2890 qui
1270 2818 1337 2891 pro
1363 2818 1438 2869 suo

339 2916 483 2990 arbitrio
508 2914 652 2989 videtur
676 2912 789 2987 verba
810 2917 985 3013 vertisse,
1009 2916 1201 3009 genuinam
1218 2918 1436 3012 scripturam

341 3059 467 3133 eruas,
492 3057 562 3110 nec
586 3038 737 3109 multum
766 3038 917 3109 lucreris
943 3035 1096 3108 adeam
1127 3037 1377 3131 reperiendam
1412 3062 1435 3111 e

338 3160 494 3232 lectione
533 3156 614 3230 cod.
648 3156 718 3252 Pb,
756 3159 817 3254 qui
845 3179 912 3253 pro
943 3162 1004 3228 καὶ
1033 3157 1179 3230 exhibet
1209 3160 1434 3231 καὶπολλὰ.

339 3279 494 3358 Videtur
531 3289 651 3353 autem
692 3279 903 3377 depravatio
942 3287 1022 3351 orta
1057 3300 1140 3351 esse
1178 3299 1226 3350 ex
1265 3280 1432 3353 eiusdem

337 3400 507 3477 vocabuli
542 3402 752 3494 iteratione,
790 3408 831 3471 ut
861 3401 1035 3494 scriptum
1065 3400 1180 3472 irrisae
1212 3418 1432 3484 censeamus

338 3520 373 3593 εἰ
394 3521 432 3593 (ll
449 3528 494 3593 wi
517 3518 630 3619 αὐτῷ,
658 3519 712 3612 εἴη
738 3512 782 3589 ἂν
813 3514 912 3615 abaci
937 3514 1083 3611 μεγάλα
1105 3525 1168 3591 καὶ
1197 3521 1348 3616 φοβερά.
1375 3522 1433 3591 τὰ

338 3641 386 3715 δὲ
423 3642 602 3738 φοβερὰ
649 3638 769 3734 φόβον
810 3639 977 3732 ποιητικὰ
994 3665 997 3671 ’
1014 3637 1154 3739 ἑκάστῳ
1199 3634 1232 3737 ῳ
1274 3641 1431 3737 φοβερά.

338 3764 511 3837 Huncin
535 3761 682 3833 modum
713 3764 744 3833 si
776 3764 898 3833 locun
933 3764 1212 3856 restituerimus,
1244 3761 1430 3855 aptissime

337 3892 567 3981 praeparatur
599 3883 785 3955 conclusio
818 3876 909 3954 ὥστε
946 3882 1136 3973 συμβαίνει
1176 3881 1237 3951 τον
1268 3874 1430 3978 ἀνδρεῖον

336 4006 517 4098 μεγάλους
547 4002 959 4096 resurrecturam
989 4002 1187 4075 ποιεῖσθαι.
1220 3998 1343 4094 (¹³15.)
1375 4040 1426 4057 -

337 4128 394 4199 Ac
427 4128 579 4199 similem
612 4123 756 4222 quidem
787 4109 970 4195 scribendi
1007 4124 1273 4196 festinationem
1306 4124 1425 4217 paullo
