3200 4975
1448 177 1457 315 i

335 713 465 767 versus
487 697 677 767 continuos
694 697 817 790 legere
835 695 967 790 possis,
997 698 1084 791 quin
1105 697 1333 770 emendandi
1350 699 1438 793 peri·
1458 702 1459 775 3

335 815 456 886 culum
481 814 603 894 iacere
621 815 782 910 cogaris3
808 813 876 886 scd
898 815 1065 911 equidem
1088 839 1206 912 quum
1226 819 1439 914 saepissime
1458 783 1461 891 4

335 954 381 1006 ea
410 942 620 1007 excuterem
646 941 684 1008 et
707 937 849 1031 singrda
870 957 1033 1034 quaeque
1060 935 1262 1030 diligenter
1286 959 1440 1034 perpen-

198 1151 203 1160 η
334 1053 471 1150 dorem,
496 1058 608 1128 multa
631 1063 808 1129 tentarem
829 1077 873 1128 ac
900 1056 1030 1129 deinde
1056 1058 1267 1153 reiicerem,
1294 1058 1443 1130 tandem

333 1174 527 1270 desperavi
551 1177 632 1250 fore
658 1183 699 1248 ut
723 1177 810 1250 mihi
833 1176 1059 1272 contingeret
1084 1180 1284 1274 plerosque
1312 1181 1463 1309 saltem¹

333 1295 558 1370 librariorum
576 1319 719 1370 errores
736 1319 783 1369 ex
800 1297 947 1390 ingenio
972 1299 1101 1370 tollere
1122 1305 1163 1370 et
1181 1297 1230 1368 ad
1247 1299 1445 1391 genuinam
1462 1324 1463 1337 ι

334 1420 546 1515 scripturam
572 1419 753 1512 aliquanto
771 1418 920 1512 propius
946 1417 1139 1491 accedere.
1195 1418 1326 1512 Itaque
1345 1416 1441 1488 sudi·

334 1539 406 1608 ciat
437 1534 651 1610 brevissime
687 1559 750 1610 eas
783 1539 1012 1612 coniecturas
1045 1538 1300 1634 significasse,
1352 1547 1465 1632 quaei

333 1659 452 1754 aliqua
475 1661 557 1734 veri
582 1660 706 1754 specie
733 1658 979 1730 commendari
1004 1658 1212 1732 videantur.
1465 1702 1466 1709 κ

435 1779 521 1872 vll,
549 1781 607 1848 11.
634 1800 669 1871 p.
699 1775 863 1847 124489.
916 1797 983 1871 pro
1001 1776 1057 1846 διὸ
1078 1778 1323 1850 scribendum
1341 1775 1435 1853 vide·

334 1907 392 1970 tur
424 1894 446 1968 d
478 1894 534 1968 δὲ.
582 1895 649 1968 Int.
680 1894 756 1968 Lat.
788 1893 897 1968 habet
929 1898 991 1969 rel.
1013 1935 1062 1949 —
1088 1898 1175 1969 816.
1209 1891 1300 1989 origi
1333 1900 1436 1968 σῖτον.

333 2017 432 2114 Lege
465 2010 542 2108 οὐχ
569 2017 612 2095 ὃς
643 2015 750 2088 σῖτον.
776 2058 828 2072 -
853 2016 935 2088 817.
962 2010 1002 2089 εὖ
1030 2021 1103 2110 ζῆν.
1155 2017 1262 2114 Lege
1298 2019 1434 2105 συζῆν,
1467 2010 1468 2035 ’

336 2139 384 2212 cf.
413 2137 498 2209 830.
532 2161 566 2232 p.
596 2133 784 2209 1245825.
820 2135 879 2207 37.
913 2131 971 2207 188.
993 2136 1051 2210 10.
1085 2142 1129 2210 al.
1169 2185 1213 2199 -
1254 2135 1434 2210 818-21.

332 2259 504 2332 Fortasse
530 2256 626 2327 hunc
651 2256 690 2326 in
710 2254 859 2327 modum
877 2254 1128 2351 distinguenda
1154 2268 1262 2332 simi:
1300 2252 1380 2329 ἀλλ’
1406 2251 1437 2323 οἱ

334 2381 438 2450 τοῦτο
471 2377 652 2454 ποιοῦντες
676 2377 791 2472 τούτῳ
818 2378 940 2448 πάντα
957 2378 1010 2473 τῷ
1043 2375 1225 2476 ἐρωμένῳ
1264 2375 1436 2460 διδόασιν,

334 2494 378 2573 οὔ
411 2498 492 2571 δίαν
524 2490 600 2569 orid'
632 2494 719 2568 εἰσὶν
752 2493 858 2581 ἄξιοι.
890 2502 953 2568 καὶ
976 2495 1010 2568 oi
1032 2496 1073 2569 ἐν
1105 2503 1177 2578 τοῖς
1206 2495 1337 2592 λόγοις
1360 2490 1434 2593 ὅροι

257 2674 267 2687 .
332 2625 391 2713 τῆς
416 2620 538 2710 φιλίας
565 2610 691 2695 πάντες
722 2626 791 2710 μέν
817 2618 894 2695 ναός
924 2614 991 2689 εἶσι
1016 2621 1154 2711 φιλίας,
1197 2614 1286 2692 ἀλλ’
1311 2613 1355 2691 οὗ
1379 2618 1435 2706 τῆς

334 2735 450 2834 αὐτῆς.
476 2781 527 2794 -
553 2736 634 2810 832.
659 2730 792 2837 ταζγιὶρ
809 2740 1011 2836 πράγματα
1026 2742 1181 2833 μᾶλλον,
1210 2736 1296 2813 ἀλλ’
1314 2733 1357 2812 οὗ
1374 2762 1432 2829 φι-

333 2865 435 2937 λοῦσι
465 2858 512 2932 τὰ
530 2856 668 2951 ἔχοντα.
719 2858 890 2931 Fortasse
923 2858 969 2929 τὰ
993 2859 1065 2958 γαρ
1098 2856 1299 2959 πράγματα
1333 2858 1432 2954 μᾶλ-

333 2987 400 3055 λον
433 2983 615 3075 φιλοῦσιν,
654 2972 737 3049 ἀλλ’
763 2972 807 3050 ori
831 2980 904 3052 τὸν
926 2977 1066 3073 ἔχοντα.
1091 3022 1142 3034 -
1167 2976 1307 3054 l'5-7.
1334 2979 1429 3053 Scri·

332 3102 492 3179 bendum
530 3098 681 3173 arbitror
719 3094 800 3170 οὕτε
837 3101 909 3199 γαρ
947 3102 1020 3172 τῶν
1057 3109 1246 3196 χρησίμων
1284 3098 1432 3172 δεῖσθαι

334 3217 608 3320 αὐτάρκους,
654 3211 736 3290 οὔτε
770 3222 844 3290 τῶν
868 3198 1222 3319 ε’ὕφραινόντων,
1257 3215 1341 3292 οὔτε
1368 3218 1430 3290 τοῦ

334 3348 449 3435 συζῆν.
468 3334 599 3419 αὐτὸς
612 3340 685 3438 γαρ
701 3336 824 3419 ἱκανὸς
839 3338 941 3437 αὑτῷ
957 3346 1121 3413 συνεῖναι.
1153 3340 1264 3430 Quod
1280 3336 1427 3438 εὐφραι-

333 3468 470 3537 νόντων
495 3460 624 3553 scripsi
641 3456 825 3552 Sylburgii
842 3466 899 3531 cst
924 3462 1141 3535 emendatio.
1167 3502 1217 3517 -
1242 3458 1328 3535 1826.
1356 3457 1423 3530 ἔστι

337 3583 375 3656 dt
401 3583 442 3652 τὸ
465 3574 553 3653 αὐτὸ
576 3574 825 3650 αἰσθάνεσθαι
850 3583 913 3650 καί
938 3579 979 3650 τι)
1006 3574 1093 3652 αὕτα
1119 3590 1303 3683 γνωρίζειν
1334 3579 1426 3675 αἱρε-

334 3707 503 3779 τώτατον.
573 3698 812 3789 Scribendum
850 3707 908 3773 est
938 3698 981 3772 τὸ
1013 3698 1149 3775 αὑτοῦ
1181 3697 1427 3774 αἰσθάνεσθαι

334 3833 396 3899 καί
413 3824 455 3898 τὸ
471 3816 525 3895 αὖ
537 3817 612 3892 τὸν
628 3815 813 3919 γνωρίζειν
828 3823 910 3893 coll.
937 3818 1017 3894 ¹³33.
1043 3847 1078 3918 p.
1100 3821 1265 3915 124584,
1292 3819 1353 3918 36,
1372 3815 1422 3888 ¹³1.

335 3948 468 4023 Similis
500 3940 705 4017 emendatio
736 3943 909 4036 proximis
935 3944 1043 4016 etiam
1074 3943 1196 4043 verbis
1227 3939 1426 4014 adhibenda

335 4070 413 4141 erit.
441 4060 603 4139 -1‘28.
631 4060 842 4137 decrederat.
893 4063 1063 4147 Fortasse
1090 4064 1159 4135 δεῖ
1181 4061 1399 4189 τιθέναι..
