3200 4975
327 491 375 564 aa

327 669 388 764 oi,
427 686 465 752 et
496 678 534 753 id
566 683 685 779 ipsum
716 682 815 780 quod
844 683 1084 781 respondetur
1115 697 1154 764 et
1186 687 1423 766 contenditur

326 789 381 869 ὅτι
406 795 501 870 ἐστίν
518 795 634 901 ἀρετή.
677 803 792 878 Immo
818 805 933 881 verba
957 806 1007 879 ita
1036 814 1120 880 sunt
1145 807 1423 910 distinguenda,

324 921 365 990 ut
402 919 635 1017 interrogatio
665 922 829 999 absolute
864 933 1033 1025 ponatur,
1070 949 1146 1001 non
1177 951 1358 1027 suspensa
1396 953 1423 1008 a

324 1033 432 1132 δῆλον
467 1050 608 1131 γίνοιτο
647 1041 712 1135 ἄν,
752 1045 883 1122 deinde
922 1047 967 1120 ab
1004 1050 1061 1123 his
1098 1048 1221 1125 verbis
1258 1052 1423 1148 pendeat

323 1160 530 1233 enunciatio
569 1159 624 1239 ὅτι
662 1165 756 1240 ἐστὶν
790 1163 916 1267 ἀρετή,
955 1167 1111 1266 dcanue
1146 1168 1185 1260 ἐξ
1222 1166 1328 1266 αὐτῆς
1359 1180 1425 1268 τῆς

323 1283 526 1378 φρονήσεως
566 1283 817 1385 subiungatur,
866 1290 1073 1385 appositum
1114 1291 1162 1364 ad
1204 1294 1425 1389 explicanda

321 1399 435 1476 verba
460 1401 521 1474 διὰ
547 1408 694 1480 τούτων.
745 1409 852 1498 Hane
884 1411 1066 1484 enunciati
1091 1410 1424 1490 confornationem

320 1529 421 1594 recte
448 1525 599 1610 instituit
624 1528 731 1605 Valla
762 1544 887 1606 utrum
919 1546 1048 1606 autem
1081 1533 1273 1632 sapientia
1306 1536 1424 1612 oz'rtus

322 1656 375 1718 est
407 1651 576 1723 annon?
612 1647 702 1724 hanc
730 1652 972 1750 perspicuum
1006 1668 1078 1744 est,
1115 1681 1165 1730 eac
1198 1656 1285 1755 ipsa
1321 1673 1424 1736 certe

171 1807 176 1816 ·
317 1765 537 1863 prudentia,
564 1768 732 1841 critatem
748 1795 848 1857 esse;
872 1779 909 1844 et
926 1774 1114 1847 confirmat
1130 1777 1284 1854 eandem
1303 1780 1421 1852 simil-

319 1887 404 1969 uma
430 1889 693 1972 Qnirnciationis
718 1889 837 1967 forma
874 1893 903 1990 1,
929 1893 990 1968 35.
1017 1917 1054 1992 p.
1071 1893 1247 1970 licor-22
1273 1922 1326 1996 sq.
1356 1899 1420 1975 32.

420 2008 449 2104 1,
477 2007 535 2084 35.
562 2034 595 2109 p.
618 2007 782 2087 lloobl.
826 2013 1024 2090 Prudentia
1049 2018 1232 2114 quaeritur
1255 2040 1343 2090 num
1370 2024 1423 2096 sit

320 2130 440 2202 activa
465 2130 617 2202 scientia
631 2147 762 2201 necne.
807 2131 950 2215 Quodsi
974 2137 1121 2226 reliquis
1147 2140 1185 2210 in
1210 2137 1345 2217 autibus
1371 2144 1421 2239 is,

319 2249 383 2345 qni
404 2247 614 2344 perficiendi
646 2248 768 2344 operis
792 2247 941 2320 modum
963 2270 1010 2338 ac
1035 2252 1213 2323 rationem
1237 2262 1420 2349 praeseri.

319 2367 387 2464 bit,
425 2390 500 2456 non
529 2370 650 2446 mnus
671 2370 825 2472 ¹activus
860 2389 945 2441 esse
975 2376 1169 2466 censetur,
1209 2391 1317 2467 quam
1352 2381 1418 2468 qui

318 2492 556 2587 praecipienti
587 2489 783 2573 obsecutus
815 2491 934 2585 ipsum
963 2510 1056 2587 opus
1080 2488 1247 2570 manibus
1271 2500 1416 2593 tractat,

318 2612 513 2710 prudentio
531 2611 716 2707 profect0‚
755 2612 817 2695 cui
841 2612 994 2687 virtutes
1019 2613 1162 2687 activae
1192 2620 1337 2712 parent,
1375 2623 1418 2688 ct

318 2734 398 2829 ipsa
421 2734 515 2805 inter
541 2733 685 2811 actim
705 2733 860 2805 virtutes
886 2742 943 2809 est
964 2732 1167 2807 referenda.
1211 2733 1418 2809 Honorem

318 2854 472 2949 scriptor
490 2852 748 2929 aedificationis
775 2858 943 2951 exemplo
968 2857 1121 2929 illustrat
1146 2851 1222 2928 ἔστι
1244 2857 1338 2955 γάρ,
1364 2852 1418 2935 oio

318 2984 452 3067 papir,
479 2972 517 3059 ἐκ
541 2971 751 3069 οἰκοδομικῇ
778 2972 798 3047 ὁ
824 2980 893 3068 μὲν
918 2971 1137 3076 ἆρχιτίκτιοκ
1153 3000 1206 3055 τις
1229 2978 1416 3072 καλούμε-

317 3120 395 3183 κοο,
430 3092 451 3165 ὖ
486 3093 517 3165 δ’
543 3092 725 3193 ὑπηρετῶν
757 3098 874 3194 τούτῳ
908 3095 1117 3192 οἰκοδόμος·
1155 3090 1259 3179 οὗτος
1282 3096 1313 3170 δ’
1339 3097 1415 3171 ἐστὶ

317 3215 497 3307 ποιητικὸς
529 3214 658 3295 οἰκίας.
700 3214 774 3289 ἔστι
807 3217 845 3290 δὲ
875 3225 939 3291 καὶ
970 3216 992 3289 ὅ
1032 3213 1267 3319 ἀρχιτέκτων,
1309 3218 1414 3292 xciiii

317 3330 419 3416 οὗτος
444 3335 555 3414 ἐποίει
580 3335 707 3427 οἰκίον,
741 3336 921 3432 ποιητικὸς
946 3337 1069 3419 οἰκίας.
1095 3319 1098 3326 ’
1121 3341 1178 3414 Αο
1204 3341 1330 3415 similis
1356 3346 1414 3415 est

317 3460 409 3531 ratio
439 3460 586 3557 reliquis
619 3460 658 3531 in
693 3458 848 3555 artibuS,
887 3462 926 3533 in
958 3460 1087 3558 quibus
1119 3463 1211 3535 alius
1237 3468 1314 3559 est,
1351 3462 1413 3557 qui

315 3580 475 3653 faciendi
492 3584 614 3678 operis
630 3584 750 3679 legem
767 3580 998 3677 praescribit,
1024 3585 1115 3656 alius
1132 3585 1194 3681 qui
1220 3603 1313 3678 opus
1329 3600 1410 3676 pcr-

317 3700 401 3775 ficit.
428 3701 609 3794 ποιητικὸς
631 3698 704 3804 ἄρα
721 3702 817 3781 τινος
839 3706 902 3774 καί
927 3699 949 3774 ὁ
973 3696 1190 3801 oppeterem
1206 3700 1326 3789 ἔσται,
1350 3702 1412 3771 καὶ

318 3825 381 3894 τοῦ
407 3816 517 3895 αἰτοῦ
542 3824 668 3895 τούτου
693 3824 874 3916 ποιητικὸς
897 3828 959 3896 καὶ
975 3819 1191 3921 conpetentis.
1240 3818 1411 3894 Extrema

317 3942 431 4017 verba
464 3953 505 4017 ut
528 3965 626 4019 nuno
653 3942 868 4017 exhibentur
892 3965 1104 4040 perversam
1129 3940 1303 4041 praebent
1328 3964 1408 4016 sen·

317 4065 489 4153 tentiam
516 4064 601 4139 inde
628 4067 725 4140 enim
751 4066 925 4162 efficitur,
951 4072 992 4139 ut
1017 4065 1146 4140 eadem
1169 4072 1284 4140 arsat
1307 4083 1406 4159 prae·

317 4193 426 4285 cepta
449 4187 513 4261 det
539 4189 660 4285 operis
686 4187 845 4261 faciendi
871 4195 909 4261 et
933 4188 1053 4285 ipsum
1069 4208 1161 4284 opus
1178 4194 1320 4261 tractet.
1353 4182 1409 4258 Αο
