3200 4975
1212 417 1257 492 al

169 610 369 707 βαναύσων
394 610 524 700 τεχνῶν
544 603 782 699 illustrentur,
806 597 1056 699 prioreverba
1080 622 1151 676 nee
1175 604 1262 700 qnid

170 733 377 828 significent
401 737 565 825 apparet,
591 713 661 799 nec
687 723 871 822 quomodo
896 725 1097 820 posteriora
1120 728 1172 799 ita
1196 745 1261 822 po-

168 857 307 928 tuerint
333 851 484 948 opponi,
510 855 551 921 ut
576 840 672 922 tart
705 865 809 920 suam
838 847 914 921 vim
943 843 1084 919 lrabeat.
1148 845 1263 922 Verbi

171 969 413 1068 ἀμφισβητεῖν
452 970 550 1048 τινός
584 969 644 1044 vis
682 966 897 1064 explicanda
936 958 1082 1042 videtur
1113 989 1162 1043 ex
1193 989 1263 1042 usu

171 1097 326 1192 forensi,
351 1094 413 1192 qui
430 1088 527 1189 apud
543 1086 790 1164 Athenienses
816 1086 992 1177 obtinuit;
1018 1087 1264 1165 diciturenim

168 1210 412 1310 ἀμφισβητεῖν
429 1214 493 1284 τού
508 1212 640 1310 κλήρου
665 1210 727 1306 qui
751 1209 990 1284 hereditatem
1015 1211 1066 1283 ita
1091 1209 1160 1284 sibi
1183 1215 1263 1289 vin·

167 1338 285 1434 dicat,
324 1344 366 1409 ut
395 1357 437 1410 sc
462 1331 573 1406 filium
601 1329 664 1408 vel
689 1331 852 1406 nativum
876 1332 938 1406 vel
962 1329 1175 1427 adoptivum
1200 1333 1264 1406 dc·

167 1459 303 1530 mortui
328 1475 412 1530 esse
427 1451 636 1528 contendat.
679 1451 768 1524 Inde
784 1453 996 1526 tremlatum
1022 1445 1266 1548 ἀμφισβητεῖν

168 1580 265 1656 τινός
280 1579 428 1652 omnino
445 1569 659 1668 significabit
675 1568 745 1644 sibi
757 1571 942 1648 vindicare
960 1572 1104 1670 aliquid.
1138 1574 1263 1663 Quod·

169 1698 204 1770 si
229 1696 397 1770 adhunc
421 1695 543 1768 locum
568 1691 614 1766 de
640 1713 713 1790 quo
733 1693 876 1790 agimus
906 1693 1081 1791 refertur,
1117 1693 1265 1770 dubium

108 1849 109 1898 η
168 1839 243 1889 non
265 1824 340 1912 est,
364 1817 452 1912 quin
469 1812 636 1888 addenda
655 1815 702 1886 sit
723 1816 901 1910 particula
917 1816 1089 1910 negativa
1106 1818 1265 1912 coir-ptr

108 1971 109 1976 ¹
169 1931 261 2010 cit*
285 1933 615 2031 ἀμφισβητούντων
640 1957 672 2002 τ.
691 1955 722 2002 τ.
740 1931 785 2017 i„
808 1934 835 2004 i.
852 1955 887 2003 e.
905 1953 989 2004 cum
1007 1935 1176 2009 distincta
1192 1943 1265 2014 sint

168 2061 264 2130 inter
290 2079 331 2130 se
356 2057 455 2129 vitae
481 2071 618 2148 genera
643 2058 681 2124 et
705 2052 776 2122 alia
799 2073 848 2123 ne
873 2049 910 2122 id
928 2052 1073 2148 quidem
1090 2053 1265 2138 affectent

169 2181 235 2251 vel
261 2174 329 2250 s'ibi
354 2173 560 2268 vindicent,
598 2178 639 2244 ut
670 2174 780 2244 talem
811 2171 1023 2246 felicitatem
1054 2175 1265 2283 praebeant,

170 2297 238 2371 scd
271 2299 377 2368 mricc
406 2296 446 2368 in
476 2291 729 2388 comparentis
758 2289 870 2365 rebus
901 2300 1120 2372 necessariis
1150 2321 1264 2377 occu.

167 2425 311 2515 pentur.
374 2415 559 2509 Interpres
588 2409 736 2487 Latinus
774 2404 861 2510 quid
896 2415 935 2487 in
964 2424 1069 2491 textu
1099 2419 1265 2499 babuerit

168 2560 247 2611 non
276 2538 394 2610 anaim
432 2535 615 2631 divinare,
661 2556 889 2633 quamquam·
906 2542 1140 2635 negationem
1178 2567 1264 2620 eum

170 2659 358 2734 invenisse
384 2656 422 2729 in
445 2662 549 2729 textu
575 2655 761 2752 exipsius
786 2657 959 2731 versione
983 2660 1169 2757 probabile
1195 2679 1262 2742 est.

272 2779 310 2876 1,
342 2776 376 2851 8.
403 2800 438 2874 p.
469 2772 656 2857 12181216.
708 2776 885 2873 Exposita
908 2776 1089 2856 beatitatis
1114 2791 1265 2865 notione

170 2900 326 2996 scriptor
349 2898 397 2971 ad
421 2897 658 2972 refellendam
683 2896 730 2971 de
762 2898 857 2972 ideis
881 2892 1084 2977 doctrinam
1108 2926 1151 2979 se
1176 2926 1263 2981 eon·

169 3014 296 3115 vertit,
321 3023 393 3116 qua
418 3020 563 3116 quidem
579 3022 675 3091 inre
694 3040 805 3116 quum
821 3021 901 3093 aliis
917 3022 1028 3095 utitur
1042 3016 1266 3122 argumentis

170 3150 247 3213 tum
272 3142 360 3238 hoc,
399 3140 497 3237 quod
521 3147 649 3213 contra
673 3158 717 3211 ac
743 3161 810 3236 par
833 3137 888 3215 sit
904 3141 1069 3218 idearum
1093 3154 1265 3229 auctores

171 3257 259 3333 boni
281 3270 444 3335 naturam
470 3260 729 3335 demonstrent.
769 3256 952 3334 ἀνάπαλιν
974 3263 1013 3337 δὲ
1029 3272 1093 3338 καὶ
1108 3267 1265 3346 δεικτέον

172 3376 196 3473 ἢ
227 3375 277 3457 ὥς
306 3382 368 3451 νῦν
399 3376 597 3455 δεικνύουσι
624 3382 664 3452 τδ
690 3376 844 3474 dycaeo
869 3378 970 3457 οιύτδ.
992 3390 1074 3461 ’νῦν
1096 3394 1167 3485 μὲν
1189 3396 1264 3495 γὰρ

171 3498 212 3575 δν
238 3502 312 3573 τοῖν
336 3495 645 3598 ὁμολογουμένων
670 3500 764 3595 ἔχειν
789 3502 832 3575 ct
857 3496 1029 3598 arctas,
1056 3508 1096 3595 ἐξ
1119 3508 1265 3589 bremon

173 3623 218 3693 τοὶ
230 3618 512 3715 ὁμολογούμενα
525 3620 615 3695 εἶναι
633 3621 766 3717 dyada
779 3617 1012 3717 δεικνύουσιν,
1024 3626 1063 3717 δξ
1075 3624 1263 3732 ἄριθμιβν,

175 3733 231 3809 ὅτι
255 3739 506 3838 ἥδικσιοσύνη
532 3749 595 3815 καὶ
619 3746 640 3837 ip
666 3747 781 3837 bytctc
807 3742 970 3842 διγυθόν.
1032 3750 1167 3825 Mirum
1181 3758 1263 3829 ‘nisi

175 3859 292 3933 cuivis
314 3866 460 3962 lectori,
499 3868 695 3962 paullulum
719 3868 831 3941 modo
860 3861 1060 3945 attendenti
1085 3872 1132 3945 ad
1157 3894 1262 3974 argu-

174 3976 358 4063 mentante
385 3990 566 4061 rationem
592 3996 636 4061 et
673 3990 790 4087 ipsam
821 3993 1061 4089 oppositionis
1092 3998 1186 4094 vim,
1225 4002 1263 4071 in
1298 3976 1303 3983 ’
1367 4044 1376 4052 .

175 4092 334 4177 mentem
364 4102 504 4183 venerit
533 4108 766 4188 scribendam
790 4132 881 4188 xessa
911 4112 960 4187 ἐκ·
984 4117 1144 4211 carpe}
1167 4119 1262 4214 ομο·
