3200 4975
1474 177 1479 377 l

326 472 374 544 64
1477 454 1478 505 λ

324 649 412 747 αὕτη
437 654 571 746 φιλική.
620 655 661 726 ln
684 653 804 748 priore
830 654 983 748 protasis
1000 652 1163 726 meurbro
1189 653 1293 726 deest
1310 675 1413 748 prae-

324 777 504 862 dicatum3
542 776 612 846 hoc
645 771 816 845 facillime
846 775 1069 869 restituetur⁷
1108 777 1141 847 si
1171 774 1337 848 obsecuti
1361 778 1415 848 in·

323 897 472 992 terpreti
488 893 615 967 Latino
633 913 834 987 pronomen
851 886 873 963 ὅ
891 895 1127 966 omiserimus.
1179 893 1228 966 Et
1247 896 1416 967 universa
1478 872 1479 953 l

325 1017 470 1116 quidem
486 1013 692 1087 enunciatio
710 1014 763 1086 sic
781 1012 926 1088 videtur
942 1012 1133 1086 scribenda
1147 1034 1250 1086 esse:
1278 1012 1353 1086 dmi
1377 1013 1415 1086 dt

324 1139 365 1208 τὸ
392 1137 509 1227 φιλεῖν
532 1126 617 1203 κατ’
642 1131 824 1230 ἐνέργειαν
849 1132 892 1204 ad
919 1133 1141 1226 φιλούμενόν
1157 1131 1231 1205 ἐστι
1251 1134 1414 1231 χρῆσθαι

323 1251 346 1354 ᾗ
379 1256 611 1348 φιλούμενον,
645 1249 667 1323 d
699 1251 738 1322 tt
773 1251 877 1341 φίλοι·
907 1254 1128 1342 φιλούμενον
1166 1258 1227 1350 τῷ
1262 1257 1360 1352 φίλῳ
1393 1249 1413 1348 ᾗ

324 1380 443 1468 φίλος,
476 1368 573 1445 ἄλλα
596 1370 649 1463 μὴ
673 1363 696 1464 ᾔ
719 1369 896 1463 μουσικᾶς
918 1366 941 1460 ἢ
967 1368 1191 1468 ἰατρικός,
1217 1369 1325 1466 ἡδονὴ
1343 1383 1415 1445 τοί·
1479 1374 1480 1377 ’

322 1523 385 1570 νον
409 1497 487 1566 κτλ.
539 1489 649 1580 Quod
664 1491 853 1562 articulum
879 1493 932 1586 τῷ
957 1512 1022 1588 pro
1049 1493 1223 1586 particule
1247 1499 1309 1564 καὶ
1332 1495 1415 1566 dedi

322 1620 386 1692 vix
404 1613 525 1710 egebit
545 1609 870 1696 commendatione
909 1607 1072 1708 ἰατρικὸς
1094 1633 1160 1708 pro
1186 1610 1309 1711 ἰατρὸς
1333 1614 1413 1708 ipso

324 1759 436 1812 sensu
460 1735 643 1828 flagitante
668 1731 795 1823 recepi
820 1752 842 1800 e
869 1729 951 1802 cod.
977 1726 1044 1803 Pl.

423 1880 457 1951 p.
488 1848 609 1924 123711
621 1850 676 1922 ll.
703 1850 857 1942 βέβαιον
873 1845 945 1947 γάρ
962 1873 995 1921 τι
1012 1849 1111 1922 δοκεῖ
1131 1847 1154 1944 ἡ
1171 1853 1294 1943 φιλία,
1319 1857 1415 1946 μόνη

324 1978 356 2049 δ’
382 1971 469 2066 αὕτη
495 1973 661 2066 βέβαιος.
695 1971 740 2042 τιν’
764 1970 836 2065 γὰρ
863 1981 1074 2067 κεκριμένον
1102 1972 1267 2064 βέβαιον,
1307 1971 1352 2042 τᾶ
1379 1971 1416 2044 a

323 2097 375 2192 μὴ
398 2095 487 2187 ταχι)
516 2094 691 2184 γινόμενα
721 2088 813 2183 μηδὲ·
845 2087 979 2184 ῥᾳδίως
1009 2084 1060 2162 οὔ
1089 2094 1186 2162 ποιεῖ
1216 2091 1416 2191 trineptem

324 2214 454 2315 ὀρθήν.
506 2212 749 2286 Omittendam
773 2230 856 2282 esse
879 2209 1109 2302 negationem
1136 2203 1181 2279 od
1203 2232 1312 2282 nemo
1338 2212 1415 2284 infi-

323 2337 485 2429 dabitur,
524 2335 585 2428 qui
614 2334 810 2428 paullulum
834 2328 881 2400 ed
912 2326 1105 2403 verborum
1134 2331 1351 2400 sententiam
1380 2339 1418 2403 et

323 2459 502 2533 rationum
518 2472 652 2524 nexum
665 2449 878 2537 attenderim
904 2448 1133 2522 diuturnitate
1152 2448 1246 2520 enim
1257 2446 1420 2546 iuvatur,

323 2601 398 2653 non
421 2571 614 2667 impeditur
643 2576 784 2641 rectum
808 2568 993 2640 iudicium.
1046 2568 1121 2640 Sed
1152 2588 1200 2638 an
1228 2575 1418 2662 praeterea

322 2704 406 2795 post
444 2690 576 2790 ῥᾳδίως
612 2687 817 2759 addendum
851 2688 899 2759 sit
941 2682 1227 2778 διαλυόμενα
1269 2686 1415 2759 dubium

322 2812 502 2892 videbitur
528 2807 732 2881 conferenti
756 2804 798 2878 E.
826 2805 870 2877 N.
898 2804 996 2899 Vlll,
1031 2804 1065 2875 3.
1091 2825 1136 2875 ac
1153 2807 1347 2900 praecipue
1370 2830 1416 2880 ex
1482 2871 1483 2908 p

323 2957 371 3015 eo
388 2933 504 3027 capite
530 2931 621 2999 haec
646 2924 759 2999 verba
784 2922 841 2995 διὰ
868 2933 1004 3015 ταχέως
1025 2931 1209 3014 γίγνονται
1233 2932 1297 2995 καὶ
1321 2930 1414 2998 παν·
1482 2925 1483 2928 ’

324 3077 437 3129 aaran
487 3048 615 3144 Neque
634 3044 871 3118 omittendum
887 3044 1031 3118 videtur
1052 3043 1150 3137 quod
1173 3042 1281 3118 hebet
1306 3048 1413 3120 inter-

322 3196 408 3273 pres
433 3169 598 3263 Latinus,
637 3167 801 3261 quamvis
826 3163 970 3260 longius
996 3184 1019 3233 a
1042 3170 1168 3235 nostro
1194 3172 1296 3237 textu
1312 3187 1413 3239 rece·

325 3296 433 3389 dene,
479 3315 575 3364 nam
606 3284 907 3386 pronunciatum
944 3310 971 3356 a
1009 3280 1184 3379 gravidus
1216 3297 1286 3372 est,
1326 3311 1413 3359 con-

322 3430 431 3491 stans
468 3410 512 3483 id
548 3432 624 3481 esse
661 3406 768 3508 quod
804 3432 884 3479 non
920 3404 992 3479 cito
1018 3403 1098 3501 fiat
1132 3427 1202 3477 nec
1236 3403 1308 3479 cito
1341 3404 1413 3478 dis·

323 3535 498 3609 solvatur.

423 3675 458 3746 p.
488 3643 671 3721 12371036.
698 3636 742 3723 od
764 3650 901 3735 γίνεται
926 3636 983 3741 ἄρ’
1007 3638 1029 3735 ἡ
1054 3644 1159 3734 φιλία
1183 3639 1206 3736 ᾗ
1232 3646 1357 3742 πρώτη
1378 3641 1414 3715 ἐν

322 3772 471 3849 πολλοῖς
475 3818 489 3856 ,
515 3759 571 3836 ὅτι
591 3764 757 3855 χαλεπόν
772 3765 921 3835 πολλῶν
944 3766 1071 3863 πεῖραν
1094 3766 1241 3857 λαβεῖν·
1274 3760 1414 3862 ἑκάστῳ

321 3894 394 3991 γὰρ
419 3888 465 3963 ἂν
489 3885 559 3960 δεῖ
580 3887 734 3975 συζῆσαι.
790 3882 1001 3980 Legendum
1024 3882 1099 3983 γὰρ
1129 3878 1174 3954 ἂν
1198 3879 1302 3955 ἔδει.
1356 3884 1412 3956 In-

322 4020 463 4107 terpus
478 4007 556 4081 Lat.
570 4008 689 4102 paullo
706 4001 854 4077 liberius
866 4002 1182 4106 quandoquidem
1196 4026 1277 4077 non
1291 4004 1411 4077 omni-

324 4128 409 4217 bus,
448 4124 777 4230 quemadmodum
801 4121 1006 4221 oportebat,
1028 4121 1150 4221 possis
1173 4123 1367 4198 canoram.
