3200 4975
343 467 393 539 60
1452 544 1454 629 ¹

342 643 566 722 ἀδύνατον.
602 649 820 742 Saepissime
834 652 928 721 enim
942 648 1174 744 philosophus
1188 649 1274 721 dicit
1288 650 1431 722 diversa
1454 658 1455 749 t

342 771 520 843 amicitiae
534 789 669 865 genera
681 790 754 840 non
768 792 851 842 esse
865 769 955 841 καθ’
969 767 1020 856 ἕν,
1036 772 1060 841 i.
1074 792 1107 842 e.
1121 791 1196 840 non
1209 792 1294 843 esse
1315 767 1430 840 eidem
1454 770 1456 869 t

340 891 480 963 notioni
497 889 675 986 subiecta,
701 889 768 962 sed
784 892 875 988 πρὸς
899 888 954 976 ἔν,
986 892 1009 961 i.
1032 911 1065 962 e.
1091 890 1269 961 amicitiae
1289 890 1431 984 species
1456 884 1457 965 1

339 1033 466 1084 omnes
493 1009 539 1081 ad
563 1008 661 1081 idem
684 1011 897 1105 principium
925 1009 1033 1084 etad
1059 1009 1211 1083 eandem
1226 1010 1431 1105 primarium
1457 996 1458 1073 1

339 1131 532 1202 amicitiam
565 1137 745 1225 spectare.
807 1129 862 1201 cf.
889 1154 923 1225 p.
964 1129 1148 1202 tironii.
1186 1122 1332 1221 ονογκη
1367 1123 1430 1224 ιρι

339 1259 420 1349 τρία
445 1252 566 1342 φιλίας
595 1249 668 1340 εἴδη
698 1243 810 1334 εἷναι,
848 1254 911 1318 καὶ
942 1250 1057 1341 μήτε
1088 1249 1194 1320 καθ’
1219 1248 1265 1319 ἓν
1292 1246 1432 1324 ἁπάσας

338 1371 432 1465 μήθ’
458 1369 508 1449 ὥς
531 1368 603 1459 εἴδη
620 1365 698 1444 dode
718 1375 842 1457 γένους
855 1369 944 1460 μήτε
961 1370 1114 1462 πάμπαν
1130 1367 1307 1460 λέγεσθαι
1331 1366 1430 1462 opu
1460 1334 1461 1415 1

339 1487 470 1582 νόμως.
461 1483 584 1558 .¹›.·25
601 1481 682 1558 οὔτε
708 1482 759 1564 ὥς
783 1483 1041 1581 ὅμώνομοι-
1058 1484 1138 1560 οὔτε
1159 1487 1286 1559 καθ’“
1266 1509 1305 1560 εν
1333 1485 1430 1565 εἶδος
1461 1446 1462 1527 1

438 1608 527 1705 V11,
553 1607 589 1680 2.
615 1633 650 1704 p.
681 1604 919 1679 lasubao-
928 1609 986 1680 39.
1014 1607 1216 1682 Universus
1241 1611 1301 1680 hic
1328 1613 1464 1735 locus¹
1462 1558 1463 1639 1

337 1735 392 1802 tot
378 1729 554 1801 tlaborat
570 1723 902 1798 difficultatibust
862 1733 913 1819 ut,
938 1731 1052 1821 qualis
1070 1737 1190 1800 textus
1208 1731 1316 1801 etium
1336 1748 1429 1799 nunc
1464 1786 1465 1849 ¹

338 1846 537 1942 exhibetur,
555 1844 796 1917 divinaret
734 1851 796 1938 pot
797 1845 854 1914 ius
867 1841 1001 1918 debeas
1015 1849 1199 1943 scriptoris
1213 1871 1278 1920 sen
1281 1851 1430 1922 tentiam
1465 1898 1466 1969 ¹

338 1989 446 2064 quam
477 1985 723 2062 cognoscere,
754 1985 797 2034 ac
823 1965 888 2037 vix
913 1987 1057 2061 speres,
1083 1990 1175 2063 quae
1204 1968 1430 2041 librariorum
1466 2012 1467 2081 ¹

336 2088 475 2160 incuria
494 2083 705 2158 conturbata
724 2090 820 2177 sunt,
847 2107 895 2156 ex
907 2087 1053 2180 ingenio
1072 2089 1177 2181 plane
1195 2112 1306 2183 posse
1323 2088 1429 2160 resti·
1467 2124 1468 2187 ι

336 2205 402 2279 tui.
467 2205 542 2279 Sed
574 2203 691 2275 donec
733 2203 904 2276 meliores
936 2203 1084 2275 codices
1123 2210 1244 2279 colluti
1280 2210 1431 2299 suerint,
1468 2238 1469 2277 t

336 2325 546 2398 tentandum
578 2331 678 2397 certe
711 2345 797 2394 num
829 2323 915 2419 quid
946 2323 1170 2395 coniiciendo
1204 2324 1250 2395 ad
1281 2330 1432 2398 restitu-
1469 2350 1470 2373 ι

337 2446 467 2519 endam
492 2446 684 2541 genuinam
710 2445 921 2539 scripturam
938 2444 1114 2539 proficere
1140 2444 1328 2539 possimus,
1370 2443 1434 2515 Ac

335 2570 488 2663 primum
515 2564 659 2660 quidem
685 2562 781 2660 quod
812 2566 942 2657 legitur
974 2562 1048 2635 ἐπεὶ
1073 2563 1105 2635 δ’
1131 2561 1255 2643 ἅπλῶς
1278 2556 1432 2657 ἀγαθον

335 2690 397 2758 καὶ
422 2680 547 2762 ἁπλοῖς
570 2681 635 2775 ἡδὺ
661 2684 702 2753 τὸ
728 2678 903 2754 αὐτὸκαὶ
929 2677 1029 2775 ἅμα,
1068 2679 1113 2753 ἄν
1137 2680 1189 2776 μή
1222 2709 1289 2762 τις
1312 2682 1434 2779 drino:

336 2804 411 2899 δίζῃ
445 2826 511 2901 pro
543 2828 596 2884 rie
625 2804 704 2876 sine
738 2803 957 2877 dubitatione
990 2803 1219 2876 scribendum
1250 2827 1301 2875 τι.
1373 2805 1428 2877 Cf.

336 2929 398 2999 int.
426 2926 501 2997 Lat.
534 2924 612 2997 nisi
634 2923 730 3025 quid
761 2922 906 3020 obstat,
946 2931 984 2995 ct
1013 2946 1048 3018 p.
1080 2921 1242 2997 1237115.
1279 2918 1362 2996 odoi
1388 2923 1428 3014 dt}

336 3044 536 3138 ἐμποδίζειν
573 3037 714 3115 oridia
752 3048 825 3116 τῶν
857 3044 1140 3137 συμβεβηκότων
1171 3046 1317 3137 μᾶλλον
1340 3039 1363 3136 ἢ
1387 3043 1426 3114 τὸ

336 3160 486 3256 ἀγαθὸν
516 3158 726 3262 εὐφραίνειν.
790 3163 833 3235 Ε.
867 3164 911 3237 Ν.
944 3166 1032 3261 vil,
1070 3166 1128 3238 13.
1167 3188 1201 3259 p.
1241 3162 1426 3238 1153013.

335 3286 399 3379 τὴν
422 3280 550 3379 ἡδονὴν
574 3327 625 3339 -
650 3285 793 3356 λεκτέον
810 3282 991 3382 ἐνέργειαν
1015 3286 1074 3376 τῆς
1089 3283 1183 3354 κατὰ
1200 3280 1306 3373 φύσιν
1323 3283 1428 3371 ἕξεως

335 3446 386 3461 --
412 3398 753 3497 ἀνεμπόδιστον.
804 3401 888 3476 ibid.
920 3402 977 3475 lt.
1017 3428 1051 3499 p.
1090 3398 1241 3476 115319
1273 3428 1349 3502 sqq.
1378 3444 1426 3458 -

335 3524 477 3597 Deinde
512 3524 716 3598 enunciatio
748 3542 841 3618 quae
866 3522 1036 3618 incipitur
1061 3521 1105 3594 ab
1140 3522 1215 3597 ἐπεὶ
1247 3522 1278 3595 δ’
1304 3522 1428 3602 ἅπλῶς

336 3644 578 3718 continuanda
603 3650 671 3742 est,
697 3642 794 3742 quod
818 3643 916 3716 idem
940 3645 1119 3741 interpres
1144 3644 1219 3718 Lat.
1247 3653 1346 3717 recte
1373 3648 1424 3717 in·

337 3765 468 3861 stituit,
495 3782 608 3857 usque
636 3761 968 3857 adpraetiati.
997 3763 1064 3862 32,
1091 3774 1128 3839 et
1153 3764 1323 3861 apodosis
1349 3768 1425 3862 qui·

337 3885 421 3957 dem
447 3881 620 3956 ordienda
645 3902 667 3953 a
691 3880 761 3971 did,
787 3884 948 3979 quodne
966 3906 1074 3980 quem
1091 3885 1251 3959 offendat
1268 3885 1425 3957 conferri

337 4011 488 4100 possunt
515 4006 680 4098 exempla
714 4025 735 4076 e
766 4005 909 4099 seriptis
938 4003 1198 4101 AristoteliciS,
1230 4006 1267 4077 in
1297 3992 1424 4101 quibus

337 4124 506 4217 apodosis
524 4123 715 4199 manifesto
733 4124 901 4219 ipeipitur
925 4146 990 4220 per
1016 4124 1072 4196 dui
1098 4128 1157 4201 vel
1174 4146 1240 4225 per
1256 4119 1360 4211 ὥστε,
1378 4123 1422 4196 de
