3200 4975
1206 507 1254 580 49

164 693 258 764 inira
284 694 323 763 in
349 711 458 762 causa
481 690 593 761 fuisse
621 686 789 783 arbitror,
827 695 867 758 ut
896 685 1028 760 librarii
1058 691 1256 766 eorundem

163 810 424 887 vocabulorum
460 811 649 882 iteratione
681 809 826 904 decepti
861 807 1069 881 aberrarent
1100 819 1136 882 et
1165 834 1255 883 non-

163 936 267 1004 nulla
293 933 506 1004 omitterent.
561 927 818 1023 Comparantur
832 929 947 1000 fortes
973 936 1011 999 et
1035 931 1158 1022 ignavi
1174 954 1258 1004 cum

164 1055 210 1123 iis
238 1053 297 1148 qui
329 1049 423 1122 bona
447 1051 512 1124 vel
535 1051 629 1119 mala
653 1047 861 1121 valetudine
887 1055 1049 1137 utuntur3
1084 1051 1136 1122 illi
1161 1054 1258 1124 enim

166 1173 301 1242 maiora
317 1172 354 1242 bi
370 1170 522 1263 minora,
549 1189 656 1263 quam
673 1171 805 1261 vulgus
818 1167 1013 1263 hominum,
1029 1172 1259 1243 incommoda

164 1299 202 1361 et
227 1291 392 1385 corporis
417 1286 630 1360 affectiones
656 1288 845 1360 sustinent.
880 1285 915 1357 oi
930 1292 1000 1379 μὲν
1015 1282 1079 1358 οὖν
1094 1291 1262 1371 νοσώδεις

163 1413 227 1480 καὶ
244 1402 410 1486 ἀσθενεῖς
433 1413 494 1478 καὶ
519 1405 634 1480 δειλοὶ
655 1413 717 1478 καὶ
741 1403 813 1477 ὑπὸ
836 1409 909 1476 τῶν
932 1411 1065 1477 κοινῶν
1080 1408 1261 1502 παθημά-

164 1553 240 1599 των
272 1529 451 1617 πάσχουσί
479 1553 527 1614 τι,
560 1526 654 1617 πλήν
683 1525 826 1596 θᾶττόν
851 1549 888 1595 τε
922 1527 1145 1617 καὶμᾶλλον
1173 1524 1196 1620 ἢ
1228 1529 1263 1600 οὶ

164 1650 316 1718 πολλοί·
355 1653 416 1717 καὶ
452 1645 504 1719 ἔτι
534 1639 601 1737 ὑφ’
630 1637 682 1716 ὥν
721 1643 755 1715 oi
785 1645 917 1714 πολλοὶ
947 1645 1155 1734 πάσχουσιν,
1192 1647 1263 1719 ὑπὸ

168 1769 310 1838 τούτων
335 1760 492 1844 ἀπαθεῖς
514 1761 536 1858 ἢ
561 1759 656 1842 ὅλως
680 1757 835 1862 &ripaque
853 1766 903 1858 (p.
933 1761 1139 1855 12281137)
1189 1767 1263 1841 Ex.

117 1905 120 1969 i
166 1888 292 1959 tremis
318 1883 441 1958 ve'rbis
474 1883 572 1980 quod
597 1885 738 1976 aegroti
763 1891 800 1954 et
832 1883 963 1954 infirmi
995 1892 1032 1955 et
1064 1887 1187 1980 ignavi
1218 1891 1264 1962 iis

117 2063 120 2092 ,
167 2007 271 2078 malis
305 2025 380 2077 non
410 2006 555 2076 moveri
594 2001 779 2095 dicuntur,
825 2000 954 2096 quibus
992 2006 1153 2100 plerique
1187 2007 1265 2078 affiss

117 2145 120 2212 ,¹
168 2128 328 2218 cientur,
367 2123 461 2195 falso
487 2121 532 2194 dc
565 2122 706 2216 ignavis
730 2121 932 2216 praedicari
957 2124 1054 2217 quod
1079 2124 1126 2195 ad
1149 2125 1265 2199 fortes

120 2287 122 2300 ·
168 2246 291 2338 potius
325 2250 362 2314 et
393 2241 530 2316 validos
562 2243 743 2336 pertineat
773 2242 857 2310 luce
892 2250 949 2312 est
974 2245 1116 2317 clarius.
1190 2247 1265 2319 Iam

117 2411 123 2454 ι
170 2365 380 2435 facillimum
405 2363 582 2457 quispiam
600 2359 783 2430 censuerit
799 2362 1024 2454 transpositis
1040 2366 1166 2456 paucis
1183 2389 1266 2438 ver-

117 2547 120 2555 .
168 2483 225 2556 bis
261 2481 420 2555 scribere
459 2484 521 2549 ιιοιῐ
558 2476 610 2551 ἔτι
641 2470 707 2568 ὑφ’
738 2469 789 2547 ὥν
821 2476 856 2547 οἳ
892 2481 1023 2551 πολλοὶ
1060 2477 1217 2563 ἀπαθεῖς
1247 2481 1269 2577 ἢ

117 2677 120 2693 ‚
171 2599 272 2679 ὅλως,
299 2596 320 2691 ἢ
351 2594 480 2693 ἠρέμα,
512 2596 583 2669 ὑπὸ
615 2600 754 2669 τούτων
791 2593 978 2688 πάσχουσι.
1049 2602 1125 2674 Sed
1158 2627 1268 2699 quum

172 2728 280 2794 antea
305 2741 398 2814 quae
426 2718 471 2790 de
497 2718 644 2789 infirmis
669 2717 923 2813 praedicantur
954 2722 1176 2814 aparticula
1201 2736 1270 2816 μιν

172 2842 363 2934 incipiant,
390 2847 431 2911 ut
447 2840 515 2909 alia
530 2846 660 2933 postea
676 2840 811 2933 opponi
831 2840 910 2910 iure
929 2848 1134 2934 exspectes,
1160 2845 1268 2937 longe

174 2969 232 3034 est
255 2957 472 3055 probabilius
498 2959 632 3030 omissa
650 2980 732 3031 esse
750 2964 835 3053 post
858 2951 931 3047 tici
946 2961 1081 3030 πολλοί
1099 2966 1271 3035 nonnulla

174 3082 282 3154 huius
308 3080 387 3153 fere
414 3079 632 3151 sententiae:
665 3076 699 3147 oi
724 3071 762 3149 δ’
786 3073 935 3167 ὑγιεινοὶ
963 3084 1026 3148 καὶ
1049 3076 1186 3175 ἰσχυροὶ
1210 3088 1273 3153 καὶ

176 3194 331 3295 ἀνδρεῖοι
348 3195 420 3269 ὑπὸ
438 3201 510 3268 τῶν
526 3198 704 3289 μεγίστων
715 3199 925 3287 πάσχουσιν,
943 3192 1042 3267 ἀλλὰ
1052 3198 1273 3298 βραδύτερόν

175 3340 213 3387 rs
238 3322 300 3387 καὶ
324 3312 427 3409 ἦττον
452 3313 474 3409 ἢ
500 3315 540 3388 οἱ
564 3319 743 3404 πολλοί,
769 3316 898 3412 quibus
923 3338 1006 3388 erun
1023 3316 1146 3390 verbis
1163 3321 1272 3414 aptis-

174 3438 270 3509 sime
290 3438 533 3530 coniungetur
556 3442 620 3507 καὶ
644 3435 695 3509 ἔτι
721 3430 784 3527 ὑφ’
816 3429 869 3506 ὥν
894 3435 928 3506 oi
957 3439 1090 3508 πολλοὶ
1114 3441 1275 3527 πάσχον-

177 3576 253 3643 σιν,
292 3551 364 3626 ὑπὸ
390 3552 523 3627 τούτων
553 3550 711 3634 ἀπαθεῖς
747 3550 935 3647 iiiviri}
965 3551 1093 3651 ἠρέμα.
1157 3556 1275 3631 Festi·

179 3678 279 3747 nanti
303 3683 426 3749 autem
450 3674 593 3747 libmrio
618 3677 726 3749 facile
756 3674 923 3746 accidere
940 3676 1075 3771 potuit,
1101 3686 1141 3749 ut
1166 3698 1275 3771 quum

181 3796 306 3867 iterata
331 3804 455 3868 essent
480 3794 592 3871 verba
617 3792 639 3887 ἢ
665 3793 699 3864 oi
715 3795 858 3883 πολλοί,
884 3816 907 3865 ο
931 3795 1176 3892 superioribus
1203 3800 1274 3863 sta-

178 3916 245 3987 tim
270 3915 317 3985 ad
337 3916 508 3990 inferiora
533 3918 649 3988 oculis
676 3912 869 3987 aberraret.

281 4034 373 4109 Cum
398 4059 443 4111 ea
468 4035 697 4127 fortitudine,
729 4052 823 4129 quae
849 4052 916 4105 suo
942 4035 1020 4109 iure
1046 4034 1117 4105 hoc
1142 4054 1277 4107 nomen

181 4154 248 4227 sibi
286 4156 463 4251 vindicat,
514 4155 584 4227 alia
621 4152 798 4247 quaedam
837 4174 973 4246 genera
1012 4162 1277 4252 comparantur,

838 4280 855 4334 t
