3200 4975
345 482 393 556 44

341 667 411 742 silii
436 673 598 740 naturam
623 674 661 740 et
676 669 873 764 notionem,
898 669 944 740 de
970 689 1040 763 qua
1064 675 1172 742 autea
1195 669 1266 740 iam
1282 665 1440 739 uberius

342 789 560 883 disputatum
576 795 651 883 est,
664 788 728 860 vix
745 790 861 883 potuit
877 791 956 862 sine
973 790 1122 861 articulo
1139 790 1237 884 poni.
1287 785 1439 858 Deinde

340 911 374 981 si
398 915 536 982 textum
561 909 776 1005 retinemus,
816 910 930 1004 qualis
955 912 1065 982 etiam
1089 931 1112 980 a
1135 907 1304 981 Bekkero
1329 908 1439 979 exhi·

202 1085 204 1090 .
340 1027 463 1124 betur,
497 1027 610 1102 verba
635 1026 729 1101 ἐστὶν
761 1027 813 1108 ὠς
842 1026 1010 1128 ἑκάτερον
1041 1030 1216 1126 epodosin
1247 1030 1441 1101 enunciati

341 1150 523 1238 efficieut3
562 1150 659 1245 quod
684 1150 866 1245 quomodo
891 1151 979 1223 ferri
1011 1153 1146 1246 possit,
1174 1169 1284 1246 quum
1315 1151 1440 1220 mani·

340 1271 456 1343 festae
497 1271 698 1366 philosophi
737 1271 937 1342 sententiae
981 1271 1088 1364 plane
1129 1260 1331 1366 oppositum
1375 1272 1441 1365 sit

341 1394 402 1464 alii
430 1391 596 1466 viderint.
648 1386 807 1484 Utraque
833 1388 1023 1464 difficultas
1048 1392 1125 1462 tolli
1141 1398 1263 1484 potest
1286 1400 1447 1464 servata

340 1512 508 1584 codicum
539 1510 772 1606 auctoritate,
812 1510 845 1584 si
877 1507 1043 1584 obsecuti
1081 1512 1185 1584 alteri
1221 1511 1340 1584 codici
1375 1512 1442 1584 Ρὸ

339 1630 413 1706 ἐστι
437 1638 638 1729 προαιρεσις
668 1631 913 1728 omissi-imus,
947 1641 986 1706 et
1016 1634 1223 1707 universam
1258 1635 1442 1704 enuncia-

339 1755 475 1826 tionem
506 1753 603 1823 huno
635 1751 902 1823 distinxerimus
933 1753 971 1822 iu
1007 1751 1177 1825 modum:
1220 1750 1337 1843 ἐπειδὴ
1371 1743 1445 1824 αὖα

339 1869 421 1944 οὔτε
449 1867 537 1954 δόξα
562 1863 642 1940 οὔτε
667 1863 835 1962 βούλησίς
859 1867 954 1944 ἐστιν
972 1867 1022 1949 ὥς
1036 1866 1205 1968 ἑκάτερον
1222 1865 1296 1942 oda
1314 1867 1442 1964 ἄμφω

340 1991 520 2086 (ἐξαίφνης
540 1991 611 2088 γὰρ
630 1995 852 2090 προαιρεῖται
876 1997 944 2087 μὲν
968 1986 1106 2081 οὐθείς,
1132 1990 1231 2065 δοκεῖ
1253 1993 1291 2064 di·
1315 1996 1443 2090 πράτ-

343 2139 417 2188 τειν
440 2118 503 2184 καὶ
527 2109 751 2204 βούλονται),
778 2111 829 2188 ὥς
852 2111 891 2194 ἒξ
924 2108 1063 2201 α’μφοῖι
1088 2111 1177 2210 ἄρα·
1208 2110 1321 2208 ἄμφω
1353 2119 1444 2188 κτλ.

339 2239 363 2309 i.
390 2258 423 2308 e.
483 2232 664 2321 Quoniam
694 2228 716 2323 ἡ
741 2236 942 2327 προαίρεσις
973 2229 1066 2313 (hoc
1098 2234 1193 2299 emm
1225 2233 1442 2307 subiectum

342 2379 389 2430 ex
422 2356 593 2428 universa
631 2350 870 2446 disputatione
912 2346 1019 2420 facile
1061 2349 1266 2444 suppletur)
1308 2371 1441 2444 neque

340 2477 438 2553 idem
463 2481 521 2551 est
549 2480 655 2566 atque
674 2469 794 2564 opinio
820 2490 938 2565 neque
955 2468 1051 2543 idem
1077 2491 1121 2541 ac
1138 2471 1320 2565 voluntas,
1346 2469 1439 2543 siue

342 2621 388 2672 ea
410 2596 551 2688 singula
575 2596 720 2686 spectes
746 2590 825 2661 sive
857 2589 980 2687 ambo,
1018 2590 1195 2686 siquidem
1223 2612 1332 2664 nemo
1364 2612 1436 2663 ex-

340 2716 476 2811 templo
500 2711 690 2784 consilium
716 2712 812 2806 capit
835 2713 922 2785 licet
946 2715 1128 2807 extemplo
1144 2715 1206 2787 vel
1223 2713 1436 2809 opinionem

342 2838 405 2912 vel
430 2832 647 2907 desiderium
674 2832 871 2928 concipiat,
897 2841 1045 2928 apparet
1069 2834 1131 2925 ιήι
1155 2842 1359 2932 προαιρεσιν
1383 2856 1436 2907 ex

342 2966 493 3052 utroque
518 2956 665 3025 mixtam
691 2974 785 3025 esse.
844 2955 979 3027 Veram
1004 2956 1188 3050 scliptnris
1213 2954 1432 3027 sententiam

340 3080 409 3151 hac
434 3074 685 3149 emendatione
708 3095 776 3147 nos
793 3083 982 3149 assecutos
998 3098 1094 3172 esse,
1119 3076 1294 3170 cognosci
1309 3081 1432 3170 potest

342 3222 390 3271 ex
415 3218 461 3271 eo
486 3200 569 3269 loco
594 3193 812 3291 Magnorum
836 3196 1045 3292 Moralium,
1083 3198 1145 3293 qui
1175 3218 1223 3269 ex
1253 3196 1322 3267 hoc
1348 3196 1430 3289 ipso

342 3320 475 3417 petitus
508 3324 575 3391 est.
648 3317 683 3413 Ι,
720 3314 777 3388 17.
811 3341 846 3412 p.
890 3314 1069 3389 1189022.
1108 3315 1182 3389 ἐπεὶ
1218 3308 1281 3386 οὖν
1326 3315 1429 3385 καθ’

342 3438 539 3513 ἕκαστον
576 3439 711 3509 τούτων
743 3431 845 3508 οὐδέν
877 3436 972 3509 ἔστιν
1003 3434 1025 3528 ἡ
1058 3446 1276 3534 προαίρεσις,
1317 3439 1429 3508 ταῦτα

344 3560 476 3631 δ’ἐστὶ
500 3554 546 3631 τὰ
579 3555 617 3629 ἐν
641 3558 684 3653 τῇ
716 3560 815 3651 ψυχῇ
846 3559 1040 3649 γινόμενα,
1075 3552 1213 3651 ἀνάγκη
1246 3554 1430 3629 συνδια-

342 3687 547 3773 §optumo
572 3682 678 3751 τινῶν
702 3673 839 3750 τούτων
862 3673 952 3750 εἶναι
977 3678 1041 3771 τὴν
1064 3688 1277 3778 προαιρεσιν.

445 3801 495 3897 ll,
526 3796 581 3871 10.
608 3823 642 3893 p.
673 3794 859 3873 laanbla.
887 3798 922 3873 εἰ
949 3798 992 3893 δὴ
1021 3804 1242 3899 προαιρεῖται
1266 3801 1333 3889 μὲν
1358 3822 1427 3891 μη-

345 3921 425 3999 θεὶς
467 3920 518 4014 μὴ
560 3915 923 4018 παρασκευασάμενος
961 3918 1050 4014 μηδὲ
1087 3920 1369 4015 βουλευσάμενος
1405 3915 1428 4009 ἢ

342 4047 462 4137 χεῖρον
487 4037 509 4132 ἢ
526 4042 681 4132 βέλτιον,
707 4042 927 4133 βούλεται
953 4038 984 4111 δ’
1001 4035 1070 4114 ὅσα
1096 4041 1151 4132 ἐφ’
1168 4038 1253 4134 ἡμῖν
1270 4038 1342 4114 ἐστι
1358 4042 1427 4112 τῶν
1465 4044 1469 4052 ’
