3200 4975
1258 477 1281 550 5

183 689 331 763 eorum,
357 667 417 762 qui
443 661 488 736 ad
513 659 751 759 indagandam
777 661 1000 735 Graecorum
1019 661 1280 760 philosophiam

183 785 341 863 studium
382 795 422 860 et
463 807 610 882 operam
649 783 859 880 conferunt,
901 783 969 856 bos
1007 779 1117 857 libros
1154 786 1281 880 legere

184 905 377 1004 dignatur?
407 908 487 1004 quis
514 927 580 979 eos
606 907 783 979 sustineat
807 904 931 1000 legere
957 899 1052 976 adeo
1077 904 1282 1000 inquinatos

183 1031 300 1104 omnis
325 1029 472 1126 generis
503 1025 666 1123 mendis,
697 1033 771 1098 tarn
795 1027 891 1098 male
915 1021 1057 1099 habitos
1082 1045 1105 1097 a
1128 1021 1282 1096 librariis

181 1159 221 1224 et
246 1148 290 1222 ab
317 1147 533 1246 editoribus,
558 1147 687 1222 utrix
712 1148 873 1241 singulas
898 1147 1068 1242 paginas,
1099 1145 1281 1219 interdurn

182 1274 246 1348 vix
280 1291 419 1367 paucos
443 1290 574 1345 versus
599 1289 673 1342 uno
704 1275 833 1341 tenore
864 1269 990 1362 legere
1016 1269 1157 1364 possis,
1194 1269 1282 1364 quin

181 1392 385 1466 manifestis
410 1392 670 1487 interrumpam
701 1390 929 1484 corruptelis.
980 1387 1158 1461 Nimirum
1185 1385 1283 1484 quod

108 1527 109 1532 ’
182 1515 220 1585 hi
235 1510 316 1585 libri
332 1533 416 1584 curn
432 1509 688 1585 Nicomaclreis
704 1508 843 1581 Ethiois
860 1509 1045 1581 coniuncti
1061 1516 1157 1606 sunt,
1174 1509 1283 1582 sicuti

184 1637 224 1704 in
239 1653 352 1704 eausa
374 1629 521 1706 videtur
532 1630 646 1702 fuisse
661 1635 711 1726 ut,
738 1650 848 1725 quum
864 1628 1009 1724 plurimi
1025 1628 1284 1703 interciderent
1415 1669 1420 1676 -
1485 1634 1488 1667 ³

183 1749 505 1847 Peripateticorum
529 1745 627 1846 libri,
653 1749 690 1822 hi
706 1748 935 1846 potissimum
956 1770 1041 1821 cum
1061 1749 1188 1845 paucis
1205 1771 1281 1823 ser-

182 1880 372 1970 varentur,
410 1873 461 1946 ita
490 1869 629 1945 obstitit
656 1891 704 1942 ne
738 1871 897 1966 genuina
934 1877 1057 1944 textus
1094 1871 1282 1965 integritas

183 2001 358 2067 maneret.
415 1989 472 2062 Ea
497 1996 556 2060 est
589 1987 686 2059 enim
710 1985 1038 2061 Nicomacheorunr
1064 1993 1284 2084 praestantia

183 2137 234 2184 ae¹
245 2122 318 2182 tam
331 2109 506 2204 singulari
520 2091 760 2181 delectatione
775 2111 974 2202 legentium
986 2111 1125 2182 animos
1143 2115 1283 2210 tenent,

186 2241 226 2305 ut
251 2233 288 2304 in
313 2231 357 2302 iis
382 2225 660 2326 interpretandis
685 2229 909 2326 explicandis
927 2230 1135 2303 enarrandis
1158 2253 1282 2305 emen-

185 2352 312 2426 dandis
346 2348 538 2448 separatim
570 2349 727 2446 deniqne
758 2341 910 2422 edendis
935 2350 1037 2422 multi
1068 2356 1106 2422 et
1130 2352 1283 2450 antiqui·

184 2485 244 2547 tus
282 2481 320 2546 et
355 2479 480 2546 nostra
517 2477 636 2545 aetate
675 2492 825 2567 operam
862 2472 1069 2569 posuerint,
1106 2467 1286 2548 Eudemia

185 2596 316 2667 Ethica
329 2601 367 2666 et
378 2592 513 2689 Magna
525 2590 680 2665 Moralia
690 2592 826 2666 librarii
838 2594 1080 2689 negligentius
1092 2594 1284 2690 scripsisse

107 2758 111 2765 ·
185 2716 394 2812 videantur,
427 2735 537 2787 nemo
570 2713 655 2787 dum
689 2714 922 2812 explicuerit,
955 2735 1065 2788 nemo
1090 2715 1285 2811 separatim

187 2836 351 2910 ediderit
402 2836 640 2911 Inveniuntur
671 2839 778 2909 unice
810 2837 850 2907 in
879 2835 1052 2910 universo
1078 2834 1286 2910 Aristotelis

187 2980 339 3055 operum
369 2977 543 3054 corpore,
582 2960 707 3054 etqui
735 2958 774 3031 in
800 2953 963 3030 editione
995 2956 1158 3053 principe
1185 2956 1285 3028 exhi-

187 3078 292 3152 betur
316 3084 457 3175 textuS,
482 3077 580 3151 idem
606 3086 788 3175 tamquam
813 3100 881 3175 per
905 3098 1033 3151 manus
1059 3076 1211 3149 traditus
1228 3085 1288 3153 est

187 3224 253 3293 per
277 3200 459 3297 proximas
477 3198 657 3273 editiones
675 3200 729 3297 ³¹⁵),
754 3207 1006 3296 praeterquam
1031 3196 1129 3295 quod
1150 3196 1285 3271 Casan-

188 3316 306 3389 bonus
330 3320 368 3391 in
392 3322 553 3417 margine
571 3322 706 3417 aliquot
723 3320 915 3417 adscripsit
930 3321 1181 3416 coniecturas,
1204 3338 1285 3415 par-

189 3441 253 3512 tim
279 3437 502 3538 probabiles,
540 3442 669 3538 partim
695 3442 794 3514 omni
824 3442 987 3515 veritatis
1019 3441 1144 3537 specie
1176 3439 1285 3514 desti·

189 3566 295 3634 tutas.
374 3559 517 3637 Novam
549 3562 704 3660 denique
733 3560 907 3636 librorum
936 3582 1046 3634 manu
1071 3561 1287 3657 scriptorum

189 3684 422 3755 collationem
453 3684 614 3781 suscepit
647 3682 855 3757 criticorum
884 3690 1008 3757 nostra
1041 3690 1160 3757 aetate
1189 3683 1286 3778 prin-

202 3870 405 3881 ⁴·-ma—2——o-

240 3972 274 4051 ²³²²)
317 3978 383 4038 lloc
404 3976 530 4038 affirmat
550 3980 703 4043 Snsnosn
725 3982 744 4044 l.
763 3982 780 4043 l.
805 4008 834 4067 p.
847 3984 924 4059 442,
946 3982 1084 4062 equidem
1104 3999 1161 4041 nec
1182 3975 1288 4039 editio-

320 4096 388 4139 nem
408 4082 572 4165 principrm
594 4084 730 4148 conferre
751 4087 855 4167 potui,
876 4106 932 4147 noc
954 4084 1079 4165 reliquas
1098 4101 1169 4163 quac
1182 4078 1290 4143 Casan-

321 4177 474 4244 bonianam
495 4186 681 4249 antecedunt.
