3200 4975
1261 499 1283 570 7

183 683 358 760 sidiortrrn
387 686 537 779 penuria
569 704 616 755 ne
648 689 865 777 evagaretur
890 683 1109 757 ooniioiendi
1134 681 1281 756 libertas

182 811 256 880 et
243 829 283 882 m
299 806 537 879 temeritatem
563 803 814 918 degeneraret,
840 813 974 901 quanta
997 807 1109 902 potni
1123 806 1284 878 maxima

181 949 272 1001 eura
304 935 344 1000 et
373 926 558 1021 diligentia
588 945 722 1000 cavere
749 923 881 998 studui.
932 917 1059 1024 Itaque
1084 927 1155 998 viri
1180 925 1288 998 dooti

179 1051 274 1120 hano
303 1067 452 1142 operam
476 1049 546 1117 in
542 1043 661 1122 rebus
692 1043 846 1120 omnus
878 1033 916 1120 et
945 1047 1091 1119 minutis
1123 1029 1286 1140 positam·

180 1189 233 1242 rre
257 1157 499 1264 dedignentur
523 1149 770 1262 &gnoscere
809 1164 885 1238 sed
897 1153 1041 1242 severe
1070 1169 1204 1244 velim
1213 1169 1286 1280 has’

179 1277 412 1362 conieotrtras'
435 1275 662 1386 examinent
629 1272 843 1359 tirumaire
866 1267 1090 1360 indi'eent..
1213 1295 1217 1302 '
1252 1295 1255 1304 ’

156 1489 166 1508 ,
247 1411 430 1484 Praeter
453 1397 618 1482 oritioum
638 1401 861 1505 apparatum
873 1385 1123 1482 Bekkerianae
1149 1387 1235 1483 edit
1209 1411 1287 1482 tro-²

177 1533 235 1603 nis
265 1533 456 1606 versiones
482 1528 646 1623 Latinae,
684 1532 834 1642 atteram
865 1529 1019 1602 Gronau
1049 1530 1199 1601 Virmn
1230 1529 1278 1602 ad

177 1639 316 1744 Magna
338 1651 511 1745 Moralia,
550 1652 699 1720 atteram
724 1650 909 1740 anonymi·
929 1647 976 1719 ad
1000 1649 1130 1722 Ethie'a
1154 1631 1276 1723 Ende-

177 1772 268 1864 mia,
307 1791 399 1865 quae
437 1771 476 1841 in
514 1766 732 1840 editionibus
765 1767 848 1840 Cas.
875 1757 1064 1854 fet'Beldr.
1095 1773 1288 1867 leguntur‚‘

177 1887 309 1986 ubique
335 1892 488 1978 eonttdi;
525 1891 738 1964 licetvenim
762 1875 958 1962 admodum
982 1892 1143 1964 incertae
1172 1869 1285 1966 vide-¹

176 2021 284 2083 antur
300 2001 524 2084 auctoritatis
541 2031 644 2102 esse,
669 2002 789 2102 ne'que
815 2012 1017 2103 comparari
1032 1995 1177 2104 possint
1192 2033 1276 2084 cum

177 2135 327 2225 egregio
352 2115 690 2225 Metaphys'ieorum
722 2129 919 2222 interprete
952 2127 1188 2228 Bessan'one,
1221 2109 1273 2204 ta-⁴

175 2273 264 2323 men
293 2251 411 2323 donee
441 2250 596 2322 meliora
627 2243 870 2344 praebeantur
901 2247 1062 2322 subsidia
1090 2273 1166 2322 ιιοιι
1191 2257 1283 2325 sunt

175 2372 323 2441 omnino
348 2358 599 2464 negligendae.
651 2367 744 2440 Item
760 2366 895 2466 ubique
916 2371 1060 2465 inspexi
1076 2372 1275 2445 editionem

176 2491 394 2565 Casauboni.
446 2490 505 2563 Ex
535 2492 593 2562 his
622 2488 685 2562 ubi
716 2492 804 2562 nihil
836 2490 1028 2590 adnotavi,¹
1044 2506 1047 2515 ⁴
1064 2494 1150 2564 nihil
1176 2494 1274 2588 qnod

175 2614 223 2684 ad
248 2612 500 2708 explicandrun
527 2614 589 2685 vel
622 2611 886 2684 emendandum
913 2620 1052 2686 textum
1074 2594 1273 2709 ‘pertineret

174 2754 234 2807 me
260 2735 441 2831 reperisse
466 2736 504 2806 in
529 2733 575 2805 iis
599 2734 758 2805 lectores
782 2722 969 2811 eenteant.
1042 2746 1047 2765 ·

334 3347 648 3515 ιιιιοιιιι
690 3324 1080 3460 nonnum
1218 3344 1222 3354 ’

645 3570 795 3589 -q—-a-

272 3685 308 3780 1,
339 3684 370 3756 l.
403 3709 440 3781 p.
469 3684 682 3762 llanban„
737 3690 846 3780 δῆλον
879 3686 995 3762 totoni
1026 3685 1092 3763 dn-
1113 3684 1194 3761 otta
1228 3695 1270 3782 τῇ

174 3808 336 3901 πολιτικῇ
367 3804 455 3906 ὑπὲρ
489 3811 552 3879 rori
583 3804 732 3901 apator
762 3812 906 3883 λεκτέον
941 3816 1004 3885 τοῦ
1034 3816 1167 3885 κοινοῦ.
1201 3819 1283 3903 μία·

173 3926 247 4019 γάρ
273 3922 345 3997 ἔστι
368 3934 434 4000 καὶ
457 3922 549 4021 οὗτοὶ
577 3934 651 4003 τῶν
679 3933 817 4003 λοιπῶν
841 3930 1068 4027 ἐπιστημῶν,
1101 3930 1270 4005 τοῦτοδὲ

173 4040 343 4139 οὐδεμιᾶς
365 4044 406 4140 ἦν
430 4051 549 4142 λέγειν
574 4048 655 4125 οὔτι
680 4053 868 4147 aomos
899 4050 977 4127 οὔτ’
996 4054 1198 4147 ’ἐπιστήμης
1222 4051 1273 4133 ὠς

175 4170 305 4247 τέλους.
357 4165 537 4247 Extremis
554 4169 678 4249 tarbis
694 4194 788 4273 quae
807 4174 938 4251 debeat
954 4177 1075 4251 inesse
1092 4174 1272 4250 sententia
