3200 4975
351 468 400 540 46

349 662 444 734 κατὰ
472 665 684 757 προαίρεσιν.
737 655 817 750 Vll,
855 683 888 752 p.
932 659 1115 735 124121‘2.
1143 667 1164 734 ὁ
1189 669 1352 768 ’μὲνγὰρ
1376 682 1439 760 φί-

348 787 413 864 λος
434 785 504 861 πᾶς
528 776 667 865 εὔνοος,
706 771 792 848 ὅδ’
814 773 936 858 εὔνους
959 773 1002 854 ob
1025 787 1096 862 πᾶς
1128 789 1240 876 φίλος.
1266 829 1316 846 --
1354 791 1438 867 Nec

347 904 511 999 proxima
547 897 662 973 verba
691 919 841 994 prorsus
880 903 1020 998 integra
1050 927 1073 976 a
1106 914 1311 1004 corruptela
1349 936 1439 987 esse

344 1023 519 1110 arbitror3
551 1021 647 1116 quod
678 1022 776 1092 enirn
801 1021 969 1096 scribitur
995 1021 1085 1098 ¹³21.
1111 1024 1168 1098 διὸ
1193 1025 1273 1101 οὔτε
1299 1030 1337 1103 ἐν
1363 1041 1441 1114 τοῖς

344 1139 468 1222 ἄλλοις
490 1144 598 1240 ζῴοις
619 1140 714 1213 ἐστὶν
739 1140 761 1233 ἡ
784 1152 986 1239 προαίρεσις
991 1195 1006 1231 ,
1031 1142 1112 1218 οὔτε
1129 1145 1167 1220 ἐν
1187 1146 1284 1244 πάσῃ
1301 1151 1439 1250 ἡλικίᾳ,

342 1261 425 1338 οὔτε
447 1263 580 1340 παντὸς
609 1260 751 1351 ἔχοντος
779 1254 998 1360 ἀνθρώπου,
1037 1268 1122 1360 quid
1151 1269 1220 1344 sibi
1251 1275 1340 1348 velit
1365 1283 1441 1358 πᾶς

340 1384 434 1479 ἔχων
473 1379 670 1481 ἄνθρονιος
697 1380 843 1453 difficile
887 1393 944 1454 est
973 1384 1082 1458 dictu.
1157 1390 1250 1463 Nam
1282 1397 1315 1467 si
1352 1401 1439 1492 quis

341 1509 387 1580 ad
404 1506 546 1598 ἔχοντος
561 1503 779 1598 cogitatione
792 1510 933 1599 repetat
944 1517 1160 1606 προαίρεσιν,
1176 1514 1273 1607 quod
1286 1517 1438 1610 quidem

339 1626 485 1701 debebit
526 1626 649 1697 iacere
683 1625 745 1720 qui
777 1627 960 1720 vulgatam
993 1632 1206 1726 scripturam
1232 1634 1437 1714 defendere

337 1750 512 1843 voluerit,
536 1746 731 1817 admodum
755 1752 960 1818 contortum
992 1752 1061 1822 erit
1086 1752 1208 1826 dicere
1240 1749 1307 1827 οὐκ
1336 1756 1439 1834 ἔστιν

336 1869 359 1962 ἦ
383 1876 584 1965 προαίρεσις
607 1863 740 1942 παντὸς
762 1857 973 1963 ἀνθρώπου,
989 1877 1116 1968 καίπερ
1141 1871 1282 1965 ἔχοντος
1301 1893 1439 1977 προαί-

336 2012 444 2090 ρεσιν,
470 1989 637 2061 nimirum
653 1987 826 2083 potentia,
852 2008 926 2060 non
943 1999 1036 2064 actu.
1089 1995 1163 2068 Sed
1187 1997 1272 2092 quid
1289 2004 1438 2076 multa?

337 2112 575 2187 Scribendum
609 2115 667 2177 est
698 2101 780 2172 οὔτε
819 2105 1001 2187 πάντως
1040 2112 1179 2202 ἔχοντος
1217 2112 1436 2216 ἀνθρώπου.

335 2235 391 2309 Cf.
404 2233 513 2305 Arist
527 2227 617 2299 Met
636 2230 678 2311 Z,
707 2222 762 2295 10.
780 2246 814 2318 p.
834 2221 1021 2296 10351124.
1049 2223 1129 2300 odas
1151 2236 1225 2330 γάρ
1247 2235 1269 2306 d
1285 2242 1438 2322 πάντως

334 2353 428 2446 ἔχων
453 2347 626 2427 δάκτυλος
648 2347 755 2442 ζῴον.
830 2373 836 2390 ¹
1474 2411 1475 2432 ff

434 2474 485 2569 ll,
515 2470 571 2542 ll.
598 2494 633 2563 p.
664 2463 828 2538 1228211
858 2485 932 2559 sqq.
983 2461 1035 2537 ἔτι
1057 2467 1192 2548 πάντας
1212 2467 1440 2566 ἐπαινοῦμεν

332 2602 395 2669 καὶ
425 2602 589 2689 ψέγομεν
613 2586 662 2666 εἰς
680 2587 755 2678 ’τὴν
779 2594 984 2683 προαίρεσιν
1015 2589 1207 2680 βλέποντες
1236 2596 1379 2686 μᾶλλον
1410 2599 1436 2693 ἢ
1474 2620 1475 2639 ³

332 2716 381 2797 εἷς
396 2715 442 2788 τὰ
464 2712 555 2809 ἔργα
579 2710 713 2804 (καίτοι
729 2701 967 2803 αἱρετώτερον
981 2705 1003 2801 ἡ
1022 2707 1180 2808 ἐνέργεια
1198 2718 1256 2806 τῆς
1271 2709 1429 2812 ἀρετῆς),

332 2834 390 2911 ὅτι
414 2837 608 2934 πράττουσι
632 2832 700 2923 μὲν
731 2828 856 2919 φαῦλοι
871 2834 935 2899 καὶ
959 2822 1244 2926 ἀναγκαζόμενοι
1249 2886 1262 2922 ,
1292 2862 1429 2933 προαι-

332 2965 446 3058 ρεῖται
471 2955 514 3026 δ”
527 2944 651 3027 οὐδείς.
685 2948 931 3021 'Perenthesis
955 2951 1059 3045 signa
1080 2951 1218 3049 addidi,
1245 2980 1316 3052 quo
1332 2959 1427 3033 saci-

328 3085 399 3157 lius
424 3073 659 3174 perspiciattu
675 3070 858 3143 enunciati
874 3072 1136 3163 conformati03
1163 3078 1298 3173 reliqua
1315 3080 1428 3154 sicuti

332 3201 461 3295 scripsi
485 3190 697 3266 exhibentur
720 3192 760 3261 in
782 3197 935 3287 utroque
961 3192 1089 3267 codiee
1115 3196 1320 3271 aBekkero
1346 3206 1427 3273 col-

329 3328 414 3397 lato.
466 3314 653 3389 Bekkeru's
677 3311 776 3405 quod
798 3310 1044 3411 nihilominus,
1077 3322 1237 3410 secutusv
1255 3328 1295 3392 ut
1319 3322 1427 3394 vide-

329 3454 388 3516 tur
412 3436 618 3532 superiores
642 3432 838 3528 editiones,
862 3454 929 3528 pro
951 3429 1005 3505 ὅτι
1031 3438 1175 3530 scripsit
1191 3435 1260 3526 ἔτι,
1286 3452 1428 3535 puncto

328 3561 486 3635 maximo
511 3565 595 3628 ante
621 3551 673 3626 ἔτι
703 3554 840 3649 posito,
874 3556 1067 3629 manifesto
1098 3559 1172 3629 loci
1205 3565 1426 3635 sententiam

329 3678 575 3779 perturbavit3
611 3675 699 3747 nihil
730 3674 827 3746 enim
859 3677 947 3749 rrovi
980 3674 1129 3751 affertur
1161 3683 1332 3753 extremis
1365 3686 1427 3758 his
1474 3702 1475 3713 ³

327 3800 465 3897 verbis,
487 3795 553 3871 sed
577 3803 715 3868 tantum
740 3814 851 3865 causa
874 3793 1149 3894 demonstratur,
1176 3822 1241 3870 our
1265 3803 1303 3872 irr
1327 3804 1425 3877 iudi-

328 3922 453 3996 candis
490 3927 529 3992 et
565 3912 796 3990 aestimandis
841 3916 1025 3989 hominum
1062 3918 1222 3992 moribus
1268 3928 1427 4000 consilia
1474 3952 1475 3957 ¹

327 4064 454 4124 eorum
483 4042 598 4135 magis
629 4044 836 4134 spectemus
861 4056 968 4133 quam
993 4038 1092 4133 ipses
1116 4060 1176 4112 res
1201 4041 1327 4119 factas.
