3200 4975
321 449 368 520 56

320 634 491 726 leonto
517 630 566 707 orl
590 635 856 729 ἐπιθυμοῦμεν.
908 636 1078 709 Ceterum
1105 638 1332 733 parenthesis
1365 639 1434 709 in·

321 753 488 848 cipienda
514 764 571 829 est
595 779 617 829 a
641 755 763 830 verbis
788 763 852 828 καὶ
876 760 1047 849 μάλιστα.

420 872 503 972 Vll,
530 875 563 946 ’2.
589 899 624 971 p.
643 876 893 948 123607-14.
921 875 996 948 ἐπεὶ
1013 871 1075 948 οὖν
1090 880 1134 946 τὰ
1152 871 1284 968 ἁγαθοὶ
1301 881 1435 950 πλεο-

320 996 441 1084 ναχῶς
463 994 519 1085 (τὸ
544 999 614 1087 μὲν
638 997 710 1096 γάρ
735 1000 787 1094 τῷ
807 994 935 1068 τοιόνδ’
960 991 1054 1068 εἶναι
1077 998 1232 1090 λέγομεν
1248 991 1432 1089 ἀγαθόν,

320 1113 361 1180 τό
378 1110 416 1182 δὲ
432 1115 485 1210 τῷ
501 1107 688 1210 ὠφέλιμον
704 1119 767 1188 καὶ
786 1121 981 1216 χρήσιμον,
1008 1114 1131 1210 ἐπειδὴ
1147 1117 1186 1189 τὸ
1205 1115 1270 1209 tet
1286 1118 1327 1188 cd
1350 1125 1433 1212 μὲν

321 1228 448 1311 ἁπλῶς
471 1240 533 1305 καὶ
559 1229 706 1328 ἀγαθὸν
732 1234 875 1322 ἅπλῶς,
901 1236 940 1306 τὸ
966 1235 1004 1307 δὲ
1028 1245 1100 1309 τινί
1102 1289 1116 1324 ,
1148 1233 1170 1330 ἢ
1191 1239 1432 1330 φαινόμενον

322 1344 485 1444 ἀγαθόν,
524 1350 644 1453 ὥσπερ
673 1361 735 1427 καὶ
767 1353 927 1426 ἐπὶτῶν
952 1349 1144 1451 ἀψύχων),
1182 1355 1228 1427 δι’
1266 1356 1432 1441 diuum

320 1475 456 1543 τούτων
481 1471 657 1564 ἐνδέχεται
682 1473 778 1571 ἡμᾶς
803 1475 986 1576 αἱρεῖσθαί
1007 1499 1040 1546 τι
1056 1481 1120 1547 καὶ
1136 1479 1267 1568 φιλεῖν,
1292 1472 1430 1581 ὥσπερ

321 1594 384 1663 καὶ
410 1585 627 1691 ἄνθρωπον·
667 1597 728 1669 τὸν
752 1602 822 1692 μὲν
853 1599 924 1695 yoip
954 1592 1090 1668 τοιόνδε
1114 1598 1176 1668 καὶ
1201 1595 1246 1668 δι’
1271 1591 1427 1696 ἀρετήν,

321 1713 382 1783 τὸν
408 1713 439 1786 d
466 1709 518 1787 ὅτι
544 1708 729 1808 ὠφέλιμος
751 1723 813 1786 καὶ
833 1721 1024 1814 χρήσιμος,
1049 1716 1111 1787 τὸν
1128 1717 1159 1790 δ’
1176 1711 1229 1788 ὅτι
1246 1715 1331 1810 ἡδύς
1357 1722 1430 1794 καὶ

322 1831 367 1903 δι’
400 1832 541 1925 ἡδονήν.
618 1833 703 1922 Quo
740 1843 883 1931 spectet
920 1836 1011 1906 haec
1048 1840 1310 1929 argumentatio
1342 1862 1426 1913 non

321 1958 443 2045 potest
473 1951 619 2032 dubium
636 1955 777 2046 videri;
816 1963 891 2030 tres
918 1958 1013 2029 enim
1037 1957 1197 2029 rationes
1223 1965 1261 2030 et
1286 1979 1426 2033 causas

322 2074 500 2145 amicitiae
527 2078 681 2168 scriptor
706 2098 789 2146 esse
818 2076 991 2167 ostendit,
1030 2078 1200 2150 virtutem
1226 2079 1425 2152 utilitatem

322 2193 555 2286 voluptatem.
634 2190 709 2262 Sed
738 2191 776 2260 in
813 2192 892 2286 ipsa
923 2190 1196 2266 ratiocinatione
1227 2201 1308 2290 plus
1342 2223 1425 2272 uno

322 2313 405 2382 loco
445 2317 565 2383 textus
612 2311 826 2406 corruptelis
865 2308 1076 2382 obscuratus
1114 2317 1179 2380 cst
1255 2315 1426 2391 Primum

323 2429 418 2503 enim
436 2430 613 2503 feminco
630 2431 941 2527 potestparticula
966 2431 1120 2502 causalis
1146 2425 1292 2524 ἐπειδή,
1317 2439 1427 2529 quod
1477 2517 1478 2520 Ἴ

323 2551 420 2622 enim
447 2550 518 2620 duo
545 2550 809 2647 distinguuntur
834 2552 1028 2645 voluptatis
1053 2571 1205 2646 genera,
1231 2551 1316 2625 inde
1341 2574 1424 2628 non
1477 2563 1478 2650 ζ

322 2676 443 2763 potest
469 2672 559 2743 ratio
577 2673 693 2767 repeti
719 2694 784 2745 cur
801 2672 917 2743 simile
944 2678 1119 2742 statuatur
1144 2671 1338 2765 (nocrimen
1353 2680 1422 2746 τοῦ
1477 2677 1478 2734 1

323 2782 487 2879 ἀγαθοῦ,
515 2790 737 2888 quiquidem
755 2794 824 2864 erit
840 2789 1112 2885 argumentandi
1129 2791 1219 2862 ordo
1245 2799 1283 2863 et
1299 2814 1415 2867 nexus

323 2912 355 2983 si
381 2913 590 3005 particulam
616 2908 739 3003 ἐπειδὴ
765 2913 981 3004 retinemuS‚
1019 2910 1087 2983 sed
1111 2910 1254 2983 accedit
1278 2920 1412 2985 tantum

324 3038 361 3102 ct
395 3031 599 3125 adiungitur
636 3031 683 3103 ad
717 3032 983 3107 distmctionem
1017 3031 1079 3100 τοῦ
1108 3023 1258 3122 ἀγαθοῦ
1291 3033 1412 3105 similis

324 3149 505 3224 distinctio
536 3154 740 3250 voluptatis.
809 3152 867 3223 Ac
899 3173 945 3224 nc
976 3149 1145 3222 codicum
1176 3151 1320 3245 quidem
1342 3151 1411 3225 fide

324 3272 411 3345 satis
436 3271 613 3345 firmatum
638 3272 781 3349 videtur
807 3270 946 3364 ἐπειδὴ,
984 3293 1068 3343 nam
1094 3271 1162 3345 Mb
1189 3269 1296 3343 habet
1320 3270 1410 3360 ἐπεὶ,

323 3392 381 3467 Pb
408 3391 539 3479 tuscas,
564 3396 742 3488 interpres
767 3390 915 3464 Latinus
940 3391 1062 3465 sicet.
1121 3391 1262 3465 Deinde
1290 3392 1410 3489 depra·
1477 3435 1478 3502 p

323 3521 448 3583 vatum
474 3519 531 3585 est
557 3506 578 3605 ἢ
603 3507 823 3605 φαινόμενον
849 3504 1011 3602 ἀγαθόν,
1037 3512 1214 3608 siquidem
1237 3516 1411 3625 petrone-

324 3654 387 3701 nov
413 3624 565 3721 ἀγαθόν
589 3634 723 3730 pariter
740 3630 937 3727 praedicati
961 3634 1082 3703 locum
1098 3630 1206 3705 habet
1222 3632 1269 3703 ad
1285 3632 1324 3703 τὸ
1347 3637 1410 3704 τινὶ

323 3748 393 3843 ἡδύ
428 3758 535 3844 atque
569 3748 697 3830 ἅπλῶς
722 3745 876 3841 ἀγαθόν
901 3753 948 3824 ad
972 3752 1013 3824 τό
1040 3750 1168 3831 ἁπλαῖς
1192 3748 1280 3844 ἡδύ,
1306 3775 1407 3847 quare

325 3875 387 3946 vel
412 3869 609 3945 omittenda
634 3879 691 3942 est
715 3871 890 3965 particula
919 3870 941 3965 ἢ
965 3877 1027 3947 vel
1051 3872 1148 3945 aliud
1165 3870 1250 3966 quid
1272 3872 1407 3947 adeam

325 3991 538 4064 addendum.
566 3992 711 4065 Falsum
729 3990 884 4088 denique
912 4000 970 4064 est
994 3992 1126 4089 duplex
1143 3985 1281 4089 ὥσπερ,
1307 4016 1405 4088 quum

326 4114 421 4183 enim
454 4114 721 4210 comparatione
748 4109 906 4186 adhibita
929 4134 1049 4187 rerum
1074 4111 1341 4186 inanimatorum
1363 4114 1405 4185 ad

1477 4225 1478 4290 l
