3200 4975
329 455 445 590 72¹

327 725 362 796 p.
385 698 569 772 lamala.
596 649 678 772 erite
705 698 850 772 δοκοῦσι
874 699 946 797 γὰρ
971 702 1041 774 nisi
1072 704 1182 795 plura
1199 723 1314 776 unum
1330 710 1427 775 certe

329 823 559 894 enunciatum
573 819 718 916 excidit,
745 842 818 917 quo
830 823 1005 894 conclusa
1019 819 1309 896 benevolentiae
1323 844 1428 917 quae·

329 942 447 1014 stione
488 942 681 1036 disputatio
721 940 766 1014 de
804 960 988 1014 consensu
1026 948 1064 1013 et
1101 941 1308 1013 concordia
1343 943 1426 1014 inei-

329 1062 455 1156 piatur.
489 1107 528 1121 -
1475 1056 1476 1143 l

430 1181 579 1278 V11,9.
607 1207 640 1278 p.
672 1179 860 1257 lallbll.
891 1180 947 1255 15.
975 1179 1075 1254 δοκεῖ
1096 1179 1138 1255 δὲ
1162 1182 1205 1254 τό
1233 1206 1274 1252 τε
1298 1179 1428 1254 δίκαιον

329 1294 419 1371 εἶναι
451 1302 528 1372 ἴσον
562 1327 596 1373 τι
627 1299 735 1394 καὶὴ
768 1303 873 1393 φιλία
903 1299 941 1372 δν
972 1297 1124 1395 ἰσότητι,
1164 1299 1203 1377 εἰ
1229 1303 1284 1395 μὴ
1316 1297 1427 1395 μάτην

329 1421 473 1511 λέγεται
490 1417 607 1514 ἰσότης
630 1417 652 1513 ἡ
670 1423 827 1513 φιλότης.
854 1419 891 1492 αἱ
911 1420 950 1494 δὲ
965 1423 1144 1496 πολιτεῖαι
1161 1425 1280 1494 πᾶσαι
1297 1421 1428 1494 δικαίου

330 1564 364 1611 τι
389 1536 490 1622 εἶδος.
528 1551 742 1614 κοινωνία
765 1545 856 1638 γάρ,
896 1541 937 1614 ro
965 1539 1003 1614 δὲ
1033 1543 1157 1614 κοινδν
1182 1545 1260 1614 πᾶν
1286 1539 1347 1612 διδ
1370 1543 1428 1612 τοῦ

331 1657 468 1732 δικαίου
486 1672 711 1756 συνέσιηκον,
743 1656 868 1741 ὅστις
901 1657 968 1734 ἀεὶ
994 1661 1055 1733 διὰ
1075 1666 1200 1755 φιλίας
1215 1667 1280 1734 καὶ
1297 1660 1427 1735 δικαίου

329 1785 393 1852 καί
424 1792 629 1870 κοινωνίας,
660 1787 722 1854 καί
737 1783 852 1853 πάντα
869 1784 980 1853 ταῦτα
997 1785 1132 1881 σύνορα
1149 1777 1323 1876 δλλήλοις
1329 1835 1343 1870 ,
1373 1785 1427 1851 κω

332 1898 436 1992 ἐγγυς
466 1899 538 1992 ἔχει
569 1900 634 1979 τὰς
667 1900 853 1999 διαφοράς.
904 1901 976 1974 Pro
1000 1911 1174 1974 κοινωνία
1198 1901 1427 1979 scribendum

332 2018 484 2096 arbitror
500 2044 653 2096 numero
677 2022 806 2117 plurali
829 2019 1081 2110 κοινωνίαι,
1106 2025 1168 2098 hic
1194 2027 1295 2098 enirn
1316 2024 1426 2119 aptius

331 2143 501 2214 concinet
539 2163 621 2212 curn
652 2143 780 2236 plurali
812 2139 850 2210 at
883 2143 1061 2214 avianius
1087 2146 1218 2217 πᾶσαι.
1289 2139 1425 2238 Signifi-

331 2258 427 2332 eabit
452 2267 573 2334 autem
599 2262 746 2356 pluralis
763 2270 946 2335 κοινωνίαι
970 2264 1072 2339 vario
1087 2265 1277 2337 societatis
1294 2280 1428 2360 genera

256 2393 259 2400 '
332 2381 380 2453 of.
408 2375 491 2454 ¹²24.
519 2379 556 2452 al
582 2375 618 2453 d’
649 2375 760 2452 ἄλλαι
785 2391 968 2456 κοινωνίαι
994 2386 1071 2456 κτλ.
1098 2382 1156 2456 39.
1182 2387 1245 2454 καὶ
1279 2379 1322 2453 δν
1350 2383 1430 2456 ταῖς

331 2503 544 2583 κοινωνίαις.
573 2501 626 2575 Μ.
652 2501 704 2577 Μ.
732 2502 783 2600 11,
813 2502 869 2577 ll.
897 2528 931 2600 p.
962 2503 1163 2601 lau-ll„
1196 2500 1428 2601 quemadmo-

333 2622 418 2695 dum
443 2624 589 2718 plnralis
608 2620 646 2695 ai
671 2624 788 2715 φιλίαι
805 2626 1016 2719 saepissime
1039 2633 1231 2721 usurpatur
1257 2622 1304 2695 ad
1321 2622 1426 2717 signi-
1476 2669 1477 2678 ι

332 2742 473 2815 licenda
497 2746 600 2838 plura
625 2746 803 2819 amicitiae
832 2764 976 2841 genera.
1028 2744 1171 2819 Deinde
1197 2742 1314 2820 verba
1338 2736 1429 2817 ‘daras

334 2858 476 2935 δείδια
510 2864 603 2939 adeo
629 2872 714 2939 sunt
739 2862 913 2962 absurda,
952 2873 993 2939 ut
1016 2868 1081 2941 vix
1105 2864 1280 2940 credibile
1306 2862 1424 2940 videa·
1476 2877 1477 2880 ‘

331 2993 389 3057 tur
432 3005 477 3056 ea
513 2984 675 3057 nondum
717 2988 779 3060 vel
817 2986 1009 3060 emendata
1047 2989 1109 3063 vel
1152 2994 1291 3061 tentata
1334 3002 1422 3056 esse.

333 3104 452 3198 Atque
478 3105 575 3178 haud
599 3107 678 3179 seio
703 3126 750 3177 an
773 3109 959 3181 lenissima
989 3109 1130 3203 possint
1152 3110 1353 3181 mutatione
1383 3098 1425 3173 ad

332 3224 526 3318 genuinam
557 3224 711 3297 formam
741 3229 882 3301 restitui
914 3230 947 3303 si
979 3230 1168 3325 scripseris
1198 3221 1317 3318 ὥστε
1347 3218 1424 3296 aaa

332 3341 402 3415 εδδ
406 3368 427 3435 η
460 3347 596 3436 φιλίας,
627 3350 691 3421 καὶ
722 3345 860 3419 δικαίου
884 3354 949 3421 καί
979 3356 1183 3445 κοινωνίας,
1213 3349 1236 3421 i.
1266 3370 1299 3421 ο.
1333 3340 1422 3421 unde

333 3464 373 3537 fit
397 3472 438 3537 ut
454 3472 542 3561 quot
567 3468 855 3541 sunt'amicitiae
880 3471 1037 3567 speeies,
1061 3468 1215 3543 totidem
1239 3470 1313 3541 sint
1329 3462 1423 3539 iusti·

333 3584 406 3655 tiae
432 3592 471 3659 et
487 3576 682 3661 societatis.
736 3585 790 3659 Cf.
818 3581 897 3661 bat.
921 3589 1044 3661 καὶτὰ
1061 3587 1186 3665 δίκαια
1203 3587 1246 3683 δὴ
1262 3586 1424 3663 τοσαῦται

335 3700 415 3775 ἐπεὶ
439 3700 488 3775 δὲ.
504 3705 544 3775 ad
561 3706 640 3781 ἴσον
665 3704 708 3804 ξοδ
734 3710 804 3803 μὲν
823 3716 906 3784 ,κατ’
924 3702 1091 3808 δριδμδν
1112 3711 1154 3786 τὸ
1179 3708 1218 3784 δὲ
1242 3717 1322 3780 aar
1340 3701 1426 3777 δυα·

334 3826 474 3915 λογίαν,
501 3830 562 3897 καὶ
587 3831 651 3902 τοῦ
675 3826 811 3901 δικαίου
836 3827 910 3921 εἴδη
935 3828 1035 3903 ἔσται
1059 3837 1122 3903 καὶ
1147 3835 1206 3922 τῆς
1229 3828 1350 3918 φιλίας
1372 3823 1426 3895 καὶ

333 3946 391 4039 της
411 3942 608 4027 κοινωνίας.
631 3945 682 4021 Μ.
702 3944 753 4021 Μ.
781 3948 825 4023 11.
855 3952 913 4023 ll.
941 3975 975 4046 p.
994 3950 1154 4025 121127.
1182 3946 1241 4019 διδ
1264 3953 1327 4019 καί
1348 3939 1425 4017 δυα-

335 4089 401 4165 usp
418 4065 564 4143 δικαίων
582 4066 674 4163 εἴδη,
700 4073 858 4143 τοσαῦτα
874 4077 935 4143 καὶ
952 4074 1094 4167 φιλιων.
1119 4069 1162 4144 Ε.
1181 4068 1225 4144 Ν.
1245 4069 1341 4165 VIII,
1370 4062 1424 4135 ll·
