3200 4975
355 443 403 548 o

354 633 472 731 nerine
498 632 584 706 boni
609 655 725 730 neque
743 635 866 729 mali),
892 626 978 705 ἄλλ’
1000 630 1076 706 ο1ον
1092 630 1220 733 ᾠδικοὶ
1247 630 1369 728 ἄμφω
1395 630 1455 726 ἢὸ

352 757 420 849 μεν
445 753 640 852 φιλῳδός
664 751 686 825 ὅ
712 751 750 826 n
775 749 908 852 ᾠδικός
932 751 1039 829 ἔστιν.
1088 755 1258 830 Priorem
1280 754 1455 830 emende-

351 876 460 948 tionis
477 882 614 971 partem
633 875 765 970 etipse
792 876 947 969 scriptor
964 876 1185 974 comprobat,
1211 875 1320 973 quod
1336 878 1456 972 paullo

351 996 445 1070 infra
469 994 576 1067 hebet
601 1018 636 1090 p.
658 991 848 1067 12381110.
875 995 927 1087 εἴη
943 996 1016 1094 γὰρ
1041 993 1087 1069 ἄν
1101 993 1185 1088 ἡδὺς
1209 994 1298 1091 (sc.
1321 993 1456 1087 ipat-

351 1118 429 1205 λος)
456 1108 534 1207 οὕχ
560 1107 758 1209 piperinus,
785 1108 874 1186 ἀλλ’
898 1107 922 1209 ᾖ
948 1120 1020 1188 τῶν
1036 1120 1166 1188 κοινῶν
1182 1114 1286 1195 τινος
1301 1126 1454 1210 μετέχει,

351 1230 429 1307 οἷον
459 1232 494 1308 εἰ
520 1237 709 1328 μουσικός,
752 1243 791 1308 et
824 1237 1002 1329 interpres
1032 1235 1130 1332 Lat,
1173 1239 1237 1334 qui
1272 1238 1373 1310 haee
1405 1239 1453 1309 sic

351 1359 462 1432 vertit
495 1383 592 1429 nam
624 1368 658 1428 et
695 1354 810 1454 pravi
840 1379 1127 1457 nonnunquam
1150 1383 1190 1430 se
1222 1372 1367 1432 mutuo
1395 1354 1451 1430 ob·

353 1480 508 1557 lentant,
536 1501 616 1548 non
650 1488 839 1576 quatenus
867 1474 982 1574 pravi
1013 1502 1082 1550 nec
1107 1491 1303 1578 quatenus
1325 1476 1451 1552 neutri.

353 1596 462 1685 Quod
494 1604 614 1669 autem
647 1595 778 1668 deinde
811 1615 878 1690 pro
909 1592 1066 1668 absurdo
1102 1594 1284 1688 φειδωλός
1325 1598 1452 1693 scripsi

352 1711 529 1813 φιλῳδός,
573 1737 691 1811 neque
725 1723 810 1807 eget
843 1715 1115 1790 confirmatione
1154 1725 1193 1789 et
1227 1728 1450 1815 occupatum

350 1837 460 1912 video
486 1857 508 1906 ο
534 1831 758 1906 casaubono.

450 1979 484 2051 p.
508 1945 669 2026 liasbl.
696 1952 855 2026 Possunt
883 1959 1004 2028 autem
1037 1956 1122 2028 maii
1155 1957 1264 2028 etiarn
1299 1965 1449 2056 propter

350 2077 538 2150 utilitatem
568 2071 760 2145 amicitiam
793 2071 955 2167 iungere.
1005 2071 1058 2145 ἔτι
1081 2078 1257 2174 χρήσιμοι
1292 2076 1343 2149 ἄν
1383 2071 1449 2148 εἷεν

351 2192 523 2287 ἀλλήλοις
555 2197 617 2264 καὶ
648 2185 843 2285 ὠφέλιμοι,
882 2184 947 2282 οὔχ
972 2187 1100 2271 ἅπλῶς
1130 2191 1229 2265 ἀλλὰ
1261 2199 1359 2295 πρὸς
1389 2195 1448 2287 τὴν

350 2323 569 2414 προαίρεσιν,
594 2308 617 2405 ἢ
641 2307 828 2411 οὐδέτεροι.
880 2306 1156 2407 ὃοῐίοεοᾱωοῇ
1180 2307 1363 2413 οὐδέτεροι
1389 2318 1448 2389 vel

350 2431 372 2531 ἢ
403 2429 427 2532 ᾖ
460 2428 646 2532 οὐδέτεροι.
719 2434 897 2508 Nimirum
929 2434 1037 2507 utiles
1069 2431 1139 2506 sibi
1169 2453 1251 2505 esse
1289 2446 1448 2529 possunt

350 2558 515 2630 homines
527 2553 681 2651 improbi
698 2574 772 2625 non
785 2554 1006 2651 simpliciter⁷
1029 2554 1098 2626 sed
1114 2553 1160 2626 ad
1173 2561 1311 2627 eertum
1330 2557 1444 2651 quod-

351 2677 434 2748 dam
467 2677 657 2747 consilium
692 2671 1001 2770 persequendum,
1047 2695 1117 2745 nee
1150 2682 1328 2771 quatenus
1364 2683 1445 2749 sunt

351 2793 522 2893 improbi,
554 2793 621 2868 sed
646 2801 823 2893 quatenus
848 2814 918 2867 nee
948 2790 1083 2888 probos
1108 2812 1175 2868 eos
1200 2794 1273 2867 diei
1297 2818 1366 2893 per
1392 2803 1443 2869 est

349 2939 420 2991 neo
444 2912 639 3011 improbos.

450 3061 486 3134 p.
517 3032 676 3109 123816.
743 3036 858 3109 Simili
889 3035 1029 3107 ratione
1061 3037 1169 3107 homo
1194 3035 1329 3132 probus
1358 3038 1439 3109 nmi-

350 3180 416 3231 eus
443 3178 526 3231 esse
551 3164 672 3252 potest
696 3154 880 3251 improbo,
905 3158 968 3226 καὶ
991 3151 1203 3248 βουλήσεται
1227 3156 1272 3226 τὰ
1297 3149 1437 3249 ἀγαθά,

351 3277 478 3358 ἅπλῶς
501 3282 570 3373 μὲν
593 3277 638 3348 τὰ
665 3272 786 3363 uniri,
818 3273 863 3346 wi
888 3274 920 3346 δ’
946 3273 1071 3372 ἐκείνῳ
1098 3273 1136 3359 ἐξ
1166 3271 1379 3357 ὑποθέσεως
1384 3329 1397 3364 ,
1419 3266 1439 3361 ἢ

350 3408 455 3472 πενία
481 3406 653 3494 συμφέρει
684 3391 853 3488 ἢνόσος.
890 3397 1000 3465 ταῦτα
1024 3397 1097 3464 τών
1126 3390 1254 3465 ἁπλῶν
1282 3388 1436 3487 ἀγαθοῖν

350 3518 475 3608 ἕνεκα,
501 3511 622 3613 ὥσπερ
646 3518 709 3584 καὶ
734 3507 819 3584 αὐτὰ
846 3514 886 3583 ui
913 3515 1109 3611 φάρμακον
1133 3518 1238 3586 πιεῖν.
1300 3513 1433 3611 Legen·
1464 3541 1467 3606 r

350 3639 436 3713 dum
478 3660 561 3711 esse
595 3634 761 3732 suspicor
794 3625 819 3728 ᾗ
851 3641 979 3727 πενίᾳ
1010 3643 1181 3734 συμφέρει
1215 3630 1238 3726 ἢ
1267 3632 1434 3715 νόσοις,

350 3763 428 3833 uui
452 3760 562 3830 ταῦτα
586 3759 659 3829 τῶν
683 3752 815 3826 ἁπλῶν
840 3749 998 3846 ἀγαθοῖν
1023 3752 1127 3827 ἕνεκα
1156 3756 1252 3840 κτλ.,
1291 3766 1433 3829 secutus
1462 3780 1463 3815 ι

349 3884 583 3977 interpretem
614 3874 791 3972 Latinum,
818 3902 952 3975 nempe
976 3889 1163 3977 quatenns
1188 3886 1257 3946 aut
1276 3900 1432 3975 pauper·

351 4002 426 4076 tati
443 4016 513 4076 aut
529 3992 667 4075 morbis
683 3994 841 4095 conseri,
868 3997 982 4098 idque
1004 3994 1188 4069 botrorum
1208 3994 1431 4094 simplicium
1459 4041 1461 4066 ι

871 4106 891 4143 0

350 4147 481 4200 causa.
1458 4103 1459 4150 ¹
