3200 4975
1235 481 1278 555 21

191 691 317 742 veram
358 670 435 740 eius
473 669 613 739 virtutis
651 669 837 740 notionem
875 668 931 739 his
970 647 1091 741 verbis
1134 667 1281 738 transit:

113 777 115 787 ’
188 782 320 860 ottae
353 781 414 859 οὗν
445 789 522 858 τῶν
553 786 724 858 τοιούτων
756 780 919 886 ἀνδρεῖον
944 786 1075 858 θετέον
1102 781 1204 891 εἶναι
1220 784 1284 855 τόν

113 985 115 1002 .
189 906 376 980 ὁποιονοῦν
401 902 575 1007 ἀνδρεῖον,
600 908 663 977 καὶ
679 915 731 986 τίς
755 901 951 1005 ὅοῗνδρεῖος
967 915 1146 978 σκεπτέον.
1185 903 1283 992 Quid

189 1027 258 1102 sibi
282 1030 396 1102 velint
420 1027 535 1102 verba
573 1025 636 1098 τὸν
661 1025 850 1098 ὕποιονοῦν
876 1021 1037 1126 ἀνδρεῖον
1066 1050 1132 1124 per
1170 1047 1281 1121 appo-

112 1153 115 1168 '
188 1150 356 1222 sitionenr
374 1148 517 1223 adiecta
541 1129 588 1220 ad
612 1140 786 1244 ἀνδρεῖον,
812 1148 980 1244 equidem
1003 1170 1077 1220 non
1093 1164 1282 1243 assequor,

112 1266 115 1276 '
187 1289 258 1340 neo
295 1268 420 1341 dubito
451 1271 537 1366 quin
568 1277 703 1364 puncto
735 1270 893 1341 maximo
923 1271 1044 1364 posito
1075 1275 1160 1364 post
1190 1261 1283 1337 εἶναι

111 1401 115 1414 ’
186 1391 351 1484 proxima
376 1391 430 1461 sic
456 1388 647 1462 scribenda
672 1391 766 1462 sint:
794 1389 858 1460 τὸν
882 1385 1007 1460 ὁποῖον
1033 1383 1097 1460 οὖν
1121 1382 1284 1485 ἀνδρεῖον

111 1489 115 1542 ³
188 1509 263 1599 (sc.
292 1508 421 1581 θετέον
445 1504 559 1598 εἶναι)
590 1513 652 1578 καὶ
677 1517 728 1584 τίς
759 1506 779 1575 ὅ
804 1503 963 1604 ἀνδρεῖος
986 1519 1164 1580 σκέπτεον.
1229 1507 1282 1580 Ita

109 1611 114 1663 ἶ
189 1628 319 1699 Valla:
358 1628 486 1729 qualis
514 1627 626 1724 igitur
657 1641 692 1700 et
723 1627 907 1732 qzcr'snum
918 1629 1053 1732 soriti,
1078 1629 1167 1701 hinc
1192 1653 1282 1701 con-

109 1751 112 1762 '
187 1746 446 1821 siderandum.

108 1850 111 1859 ¹
288 1869 319 1965 Ι,
338 1867 396 1940 25.
415 1895 440 1966 p
469 1866 656 1942 1192020.
684 1863 765 1941 οὔτε
790 1867 863 1968 γαρ
882 1874 948 1962 τῆς
971 1865 1117 1970 ἀνδρίας
1140 1868 1215 1941 ἐστὶ
1238 1867 1283 1939 τᾶ

109 2011 110 2016 ’
186 1983 282 2061 ὅπλα
307 1993 473 2080 ποιῆσαι,
499 1983 580 2057 ἀλλ’
613 1981 785 2080 ἄλληςα,
811 1981 893 2059 οὐδὲ
922 1987 968 2080 δὴ
993 1993 1052 2081 τῆς
1077 1984 1283 2086 ἐλευθεριό-

188 2131 290 2200 τητος
321 2103 400 2179 ἀλλ’
438 2101 504 2200 ἤδη
529 2091 802 2206 χρηματιστικῇ.
854 2106 1106 2182 Nominativus
1134 2131 1282 2206 χρημα-

187 2229 324 2321 τιστικῇ
348 2230 520 2325 explicari
536 2249 611 2299 non
635 2235 773 2324 potest,
798 2230 869 2298 nisi
884 2231 1031 2324 plenum
1048 2239 1087 2303 et
1102 2231 1283 2324 integrum

187 2351 419 2422 enrmciatum
451 2348 536 2421 inde
563 2347 770 2420 confeceris
809 2341 890 2418 eae
919 2342 985 2442 ἤδη
1019 2351 1283 2449 χρηματιστικῇ

194 2467 290 2542 ἐστιν
314 2467 336 2562 ἡ
362 2472 475 2541 ταῦτα
500 2469 818 2568 παρασκευάζουσα
850 2477 964 2563 τέχνη.
1016 2470 1092 2545 Sed
1117 2473 1149 2544 si
1166 2478 1281 2543 atten-

108 2577 109 2587 ’
188 2572 284 2663 deris
314 2590 361 2661 ad
395 2591 538 2662 initium·
566 2592 832 2663 enunciationis
869 2586 951 2663 οὔτε
982 2595 1043 2685 τῆς
1074 2587 1282 2690 ἂνδριας--,

188 2704 268 2782 ἄλλ’
295 2704 423 2803 ἄλλης,
447 2715 557 2807 longe
583 2708 800 2807 probabilius
819 2711 1000 2785 videbitur
1025 2736 1092 2808 pro
1117 2697 1284 2786 nomina-¹

187 2834 265 2907 tivo
291 2832 540 2929 reponendum
566 2853 650 2914 esse
676 2834 877 2928 genitivum
910 2838 1280 2933 χρηματιστικῆς.

186 2952 354 3027 Eundem
380 2975 506 3027 casum
533 2954 640 3026 Valla
664 2953 843 3029 vertendo
870 2958 1072 3051 expressit:
1098 2980 1186 3053 ergo
1212 2982 1282 3029 nec

186 3072 425 3149 liberalitatis
451 3089 503 3148 est
530 3099 617 3173 opes
641 3100 799 3173 parare,
825 3074 895 3149 seu
924 3074 1003 3151 eius
1028 3075 1156 3176 potius
1181 3102 1283 3179 quae

182 3194 515 3291 χρηματιστικὴ
540 3194 613 3270 sice
639 3223 703 3269 ars
729 3196 958 3294 pecuniaria
983 3196 1129 3271 dicitur.

289 3316 320 3411 Ι,
339 3316 396 3387 35.
415 3342 449 3413 p.
472 3312 635 3391 1197b3.
687 3313 817 3389 Utrum
844 3319 1020 3415 sapientia
1044 3320 1083 3389 in
1107 3319 1281 3408 ‘virtutum

186 3457 340 3509 nurnero
366 3436 530 3511 habenda
561 3441 608 3513 sit
637 3460 755 3510 necne
787 3442 943 3536 scriptor
968 3441 1018 3512 ita
1043 3442 1202 3536 quaerit,
1241 3446 1282 3512 ut

187 3556 415 3655 prudentiam
454 3558 667 3657 (φρόνησιν)
705 3562 877 3634 virtutem
909 3583 993 3633 esse
1023 3568 1135 3655 ponat
1172 3567 1280 3656 atque

188 3679 271 3751 inde
297 3678 542 3751 ratiocinetur.
581 3682 731 3776 πότερον
756 3679 787 3751 d’
814 3678 909 3752 ἐστὶν
938 3678 960 3773 ἡ
993 3689 1102 3773 σοφία
1128 3675 1283 3779 apsent

189 3791 251 3881 οὔ,
277 3799 337 3870 δια
363 3800 500 3871 τούτων
526 3791 572 3870 ἄν
597 3798 704 3893 δῆλον
729 3811 883 3891 γένοιτο,
908 3796 964 3875 ὅτι
990 3801 1086 3874 ἐστὶν
1110 3796 1216 3899 ἀρετὴ
1243 3798 1282 3887 ἒξ

189 3911 295 4008 αὐτῆς
319 3925 376 4011 τῆς
402 3922 616 4020 φρονήσεως.
680 3919 764 3994 Non
789 3924 934 3997 videtur
958 3925 1046 3996 ferri
1071 3944 1202 4020 posse,
1241 3931 1281 3995 ut

188 4034 232 4109 ab
260 4036 390 4110 eodem
414 4042 530 4117 verbo
556 4040 661 4135 δῆλον
684 4053 826 4135 γένοιτο
852 4038 899 4114 ἄν
919 4049 1109 4139 utrumque
1128 4064 1279 4139 suspen·

189 4182 269 4233 sum
299 4161 362 4259 sit,
390 4164 427 4232 et
451 4164 615 4261 quaestio
640 4166 793 4267 πότερόν
826 4162 919 4237 ἐστιν
944 4163 967 4259 ἡ
993 4173 1102 4257 σοφία
1128 4158 1282 4265 riparii}
