3200 4975
1223 481 1269 551 35

183 635 358 707 articulus
383 633 427 735 ἡ,
465 637 638 733 siquidem
660 645 785 738 χρῆσις
818 650 881 718 τοῦ
913 653 975 742 ζῆν
1003 662 1041 739 et
1065 655 1270 761 ἐγρήγορσις

180 772 258 825 non
283 756 379 828 inter
403 779 444 830 se
469 758 747 859 distinguuntur,
786 774 826 837 ut
850 767 921 842 dici
950 776 1067 867 possit
1091 802 1173 855 esse
1208 791 1272 858 τοί

179 876 247 964 ζῆν
274 879 398 972 χρῆσις
427 884 507 951 καὶ
539 879 764 980 ἐγρήγορσις,
801 888 868 961 sed
899 889 940 963 in'
960 896 1041 990 ipsa
1065 895 1270 1003 ἐγρηγόρσιι

181 996 388 1069 continetur
426 994 449 1090 ἦ
487 1002 552 1070 τοῦ
587 1005 649 1093 ζῆν
681 1007 816 1100 χρῆσις.
881 1011 1002 1098 Quare
1041 1021 1270 1102 scribendum

183 1118 249 1185 τοῦ
278 1115 315 1187 δὲ
342 1122 467 1212 χρῆσις
496 1115 519 1210 ἡ
549 1119 764 1222 ἐγρήγορσις.
830 1127 886 1202 Cf.
913 1135 1026 1208 verba
1050 1147 1211 1236 proxima
1244 1148 1270 1223 ὃ

178 1235 254 1333 γὰρ
278 1231 386 1316 ὕπνος
411 1233 518 1337 α’ργία
544 1265 595 1321 τις
618 1249 680 1314 καὶ
703 1242 831 1338 ἡσυχία
857 1260 895 1323 et
920 1250 998 1329 ¹³19.
1026 1262 1141 1334 αἴτιον
1165 1267 1196 1338 δ’
1213 1266 1270 1343 ὅτι

181 1348 292 1453 ἆργία
317 1363 433 1451 ψυχῆς
457 1358 477 1432 ὁ
502 1356 609 1442 ὕπνος
633 1358 712 1437 ἄλλ’
738 1361 803 1439 οὔκ
828 1368 997 1471 ἐνέργεια.
1036 1379 1078 1453 Ε.
1100 1385 1144 1457 Ν.
1172 1389 1205 1485 Ι,
1233 1391 1267 1466 3.

178 1499 216 1570 p.
248 1475 433 1552 loaobsa.
492 1481 544 1554 M.
571 1483 624 1555 M.
657 1486 691 1580 Ι,
724 1487 758 1558 l.
793 1513 827 1584 p.
859 1493 1043 1573 llssbsl.
1075 1525 1150 1602 sqq.
1185 1516 1266 1586 coll.

181 1597 268 1668 cum
294 1621 328 1692 p.
360 1597 508 1672 1128529
535 1625 610 1699 sqq.
649 1647 700 1658 -
738 1608 893 1684 Gravius
924 1619 1031 1690 etiam
1063 1631 1269 1718 perturbata

181 1725 278 1812 sunt,
297 1739 387 1814 quae
406 1720 576 1820 deinceps
593 1727 630 1796 in
647 1732 752 1798 textu·
766 1731 987 1809 exhibentur.
1030 1740 1268 1848 Philosophus

177 1837 278 1908 enim
315 1847 504 1938 postquam
544 1844 820 1944 demonstravit,
858 1844 1010 1946 primum
1044 1865 1139 1938 inter
1173 1871 1268 1948 hona

178 1960 301 2030 locum
326 1939 581 2054 assignandum
612 1986 694 2034 esse
728 1969 836 2038 animi
862 1970 984 2072 honis,
1015 1979 1146 2059 deinde
1171 1993 1267 2068 idem

179 2099 316 2170 genere
351 2101 441 2172 opus
471 2084 559 2152 'esse
590 2084 686 2177 quod
714 2086 868 2162 facultas
907 2117 1070 2194 quaeque
1102 2112 1269 2190 conficiat

183 2200 229 2267 et
253 2199 349 2292 quod
382 2200 544 2273 eiusdem
575 2203 756 2280 facultatis
782 2213 915 2308 virtus,
954 2217 1107 2319 denique
1146 2233 1266 2309 habitu

121 2329 122 2342 ¹
179 2321 476 2412 praestantiorem
514 2345 598 2417 esse
629 2333 766 2424 actum,
804 2330 981 2409 subducta
1011 2350 1112 2438 quasi
1142 2354 1266 2430 hanun

177 2441 359 2511 rationum
391 2463 531 2515 summa
561 2442 738 2520 beatitatis
770 2453 955 2529 notionem
981 2465 1143 2568 conficit,
1174 2498 1266 2572 quae

180 2568 359 2635 cernatur¹
373 2562 412 2631 in
437 2572 520 2635 actu
545 2569 654 2641 animi
678 2568 773 2645 boni.
806 2620 846 2634 -
869 2622 909 2636 -
940 2577 1046 2679 ἔργον
1071 2585 1117 2661 ἄν
1131 2595 1183 2690 εἴη
1209 2605 1269 2692 τῆς

182 2671 308 2776 αρετῆς
338 2682 411 2773 ζωὴ
443 2685 628 2761 σπουδαία.
656 2694 750 2762 τοῦτ
776 2687 835 2792 ἄρ’
859 2694 933 2770 ἐστὶ
958 2705 1000 2775 τὸ
1026 2712 1146 2785 τέλεον
1171 2712 1266 2811 σίγα-

181 2794 270 2886 θόν,
296 2794 381 2900 ὅπερ
407 2796 448 2896 ην
471 2802 493 2899 ἡ
519 2802 738 2902 εὐδαιμονία.
764 2814 871 2907 δῆλον
897 2819 934 2891 δὲ
960 2821 1000 2895 ἐι
1025 2833 1098 2900 τῶν
1121 2832 1267 2910 ὑποκει-

179 2929 312 3013 paeon.
351 2918 393 3014 ἣν
417 2931 486 3017 μὲν
516 2928 589 3028 γὰρ
620 2928 642 3022 ἡ
669 2926 880 3027 εὔδαιμονία
905 2943 946 3012 ro
974 2941 1130 3043 ἄριστον,
1157 2960 1203 3028 τοὶ
1228 2962 1267 3036 ‹n-

179 3044 262 3135 τέλη
287 3040 448 3139 ἐνψυχῇ
478 3053 541 3118 καί
575 3050 620 3120 τοὶ
652 3048 779 3151 ἄριστα
812 3063 886 3130 τοῖν
915 3057 1088 3161 ἀγαθοῖν,
1114 3071 1202 3171 αὕτη
1227 3081 1265 3156 δὲ

178 3158 295 3253 ἢὲξις
325 3162 349 3258 ἢ
373 3164 542 3267 ἐνέργεια.
568 3168 643 3243 ἐπεὶ
667 3176 813 3266 βέλτιον
836 3177 859 3271 ἡ
884 3181 1043 3285 ἐνέργεια
1059 3199 1120 3287 τῆς
1134 3198 1265 3275 διαθέ-

181 3302 270 3360 σεως
299 3292 359 3357 καὶ
390 3292 450 3380 τῆς
472 3290 655 3387 βελτίστης
679 3294 785 3381 ἕξεως
808 3297 830 3390 ἡ
855 3304 1022 3404 βελτίστη
1046 3310 1216 3414 ἐνέργεια,
1241 3321 1264 3416 ἡ

181 3402 213 3474 δ’
246 3395 352 3502 ἀρετὴ
384 3408 547 3504 βελτίστη
580 3412 668 3504 ἕξις,
707 3422 767 3510 τῆς
799 3414 925 3520 α’ρετῆς
956 3427 1114 3533 ἐνέργεια
1150 3437 1174 3531 ἢ
1206 3449 1266 3538 τῆς
1415 3476 1421 3483 ·

179 3527 294 3619 ψυχῆς
325 3520 471 3621 ἄριστον
503 3530 603 3607 εἶναι.
669 3539 943 3619 Grammatieam
974 3554 1007 3624 si
1039 3569 1264 3652 spectaveris

179 3648 352 3738 postremi
378 3652 558 3723 enunciari
588 3660 763 3731 rationem
795 3666 949 3758 primum
981 3672 1068 3748 illud
1101 3681 1263 3781 offendit,

180 3766 276 3861 quod
308 3764 351 3837 ab
382 3768 483 3839 initio
517 3783 600 3867 post
637 3776 711 3848 sau
746 3786 842 3856 nulla
871 3792 990 3884 posita
1026 3808 1084 3870 est
1113 3806 1263 3878 coniun-

179 3884 290 3980 gendi
327 3889 387 3961 vel
422 3896 626 3986 opponendi
663 3903 854 4002 particula,
895 3915 1006 3986 veluti
1037 3916 1092 4004 δέ,
1131 3922 1261 4001 deinde

180 4008 218 4077 in
242 4011 412 4083 extremis
438 4011 561 4086 verbis
585 4021 826 4097 nominativus
852 4022 1009 4128 ἐνέργεια
1039 4056 1122 4111 curn
1148 4046 1261 4120 infini-

182 4127 256 4205 tivo
289 4121 381 4201 είναι
412 4138 574 4211 construi
603 4142 750 4213 omnino
790 4151 922 4246 nequit.
987 4154 1178 4236 Praeterea
1215 4171 1262 4240 ad
