<?xml version="1.0" encoding="UTF-8"?>
<!DOCTYPE html PUBLIC "-//W3C//DTD XHTML 1.0 Transitional//EN"
    "http://www.w3.org/TR/xhtml1/DTD/xhtml1-transitional.dtd">
<html xmlns="http://www.w3.org/1999/xhtml" xml:lang="en" lang="en">
 <head>
  <title>
</title>
<meta http-equiv="Content-Type" content="text/html;charset=utf-8" />
  <meta name='ocr-system' content='tesseract 3.04.00' />
  <meta name='ocr-capabilities' content='ocr_page ocr_carea ocr_par ocr_line ocrx_word'/>
</head>
<body>
  <div class='ocr_page' id='page_1' title='image "./observationescr02bonigoog_0022.png"; bbox 0 0 3200 4975; ppageno 0'>
   <div class='ocr_carea' id='block_1_1' title="bbox 341 499 385 574">
    <p class='ocr_par' dir='ltr' id='par_1_1' title="bbox 341 499 385 574">
     <span class='ocr_line' id='line_1_1' title="bbox 341 499 385 574; baseline -0.045 0"><span class='ocrx_word' id='word_1_1' title='bbox 341 499 385 574; x_wconf 82' lang='lat'>18</span> 
     </span>
    </p>
   </div>
   <div class='ocr_carea' id='block_1_2' title="bbox 332 675 1437 2822">
    <p class='ocr_par' dir='ltr' id='par_1_2' title="bbox 332 675 1437 2822">
     <span class='ocr_line' id='line_1_2' title="bbox 337 675 1436 774; baseline -0.016 -12"><span class='ocrx_word' id='word_1_2' title='bbox 337 689 410 762; x_wconf 89' lang='lat' dir='ltr'>iam</span> <span class='ocrx_word' id='word_1_3' title='bbox 428 693 534 760; x_wconf 87' lang='lat' dir='ltr'>antea</span> <span class='ocrx_word' id='word_1_4' title='bbox 552 681 682 756; x_wconf 86' lang='lat' dir='ltr'>dixerit</span> <span class='ocrx_word' id='word_1_5' title='bbox 700 697 764 752; x_wconf 89' lang='lat' dir='ltr'>eos</span> <span class='ocrx_word' id='word_1_6' title='bbox 783 678 1018 774; x_wconf 78' lang='lat' dir='ltr'><strong>pravitatem,</strong></span> <span class='ocrx_word' id='word_1_7' title='bbox 1043 683 1189 763; x_wconf 81' lang='grc' dir='ltr'><strong><em>ιιαιιίαν,</em></strong></span> <span class='ocrx_word' id='word_1_8' title='bbox 1214 676 1311 747; x_wconf 89' lang='lat' dir='ltr'>inse</span> <span class='ocrx_word' id='word_1_9' title='bbox 1330 675 1436 770; x_wconf 88' lang='lat' dir='ltr'>ipsos</span> 
     </span>
     <span class='ocr_line' id='line_1_3' title="bbox 339 793 1435 895; baseline -0.016 -12"><span class='ocrx_word' id='word_1_10' title='bbox 339 809 536 882; x_wconf 87' lang='lat' dir='ltr'>continere.</span> <span class='ocrx_word' id='word_1_11' title='bbox 564 803 643 876; x_wconf 90' lang='lat' dir='ltr'>Nisi</span> <span class='ocrx_word' id='word_1_12' title='bbox 656 801 870 895; x_wconf 74' lang='lat' dir='ltr'><strong>scriptorem</strong></span> <span class='ocrx_word' id='word_1_13' title='bbox 884 794 1077 870; x_wconf 81' lang='lat' dir='ltr'>socordem</span> <span class='ocrx_word' id='word_1_14' title='bbox 1089 793 1305 876; x_wconf 82' lang='lat' dir='ltr'>socordibus</span> <span class='ocrx_word' id='word_1_15' title='bbox 1317 797 1435 868; x_wconf 86' lang='lat' dir='ltr'>lecto-</span> 
     </span>
     <span class='ocr_line' id='line_1_4' title="bbox 337 915 1437 1021; baseline -0.015 -18"><span class='ocrx_word' id='word_1_16' title='bbox 337 929 436 1002; x_wconf 89' lang='lat' dir='ltr'>ribus</span> <span class='ocrx_word' id='word_1_17' title='bbox 454 926 644 1021; x_wconf 84' lang='lat' dir='ltr'>scripsisse</span> <span class='ocrx_word' id='word_1_18' title='bbox 661 922 910 1017; x_wconf 78' lang='lat' dir='ltr'>posuerimus,</span> <span class='ocrx_word' id='word_1_19' title='bbox 934 915 1303 1013; x_wconf 78' lang='lat' dir='ltr'>oircrmispieiendum</span> <span class='ocrx_word' id='word_1_20' title='bbox 1318 923 1377 989; x_wconf 86' lang='lat' dir='ltr'>est</span> <span class='ocrx_word' id='word_1_21' title='bbox 1400 918 1437 988; x_wconf 91' lang='lat' dir='ltr'>si</span> 
     </span>
     <span class='ocr_line' id='line_1_5' title="bbox 338 1035 1435 1149; baseline -0.027 -25"><span class='ocrx_word' id='word_1_22' title='bbox 338 1051 424 1149; x_wconf 92' lang='lat' dir='ltr'>quid</span> <span class='ocrx_word' id='word_1_23' title='bbox 441 1038 694 1122; x_wconf 87' lang='lat' dir='ltr'>emendatione</span> <span class='ocrx_word' id='word_1_24' title='bbox 711 1041 839 1136; x_wconf 87' lang='lat' dir='ltr'>profiei</span> <span class='ocrx_word' id='word_1_25' title='bbox 855 1035 983 1134; x_wconf 79' lang='lat' dir='ltr'>possit</span> <span class='ocrx_word' id='word_1_26' title='bbox 1034 1036 1139 1127; x_wconf 83' lang='lat' dir='ltr'>Quae</span> <span class='ocrx_word' id='word_1_27' title='bbox 1157 1059 1228 1135; x_wconf 85' lang='lat' dir='ltr'>qua</span> <span class='ocrx_word' id='word_1_28' title='bbox 1243 1039 1306 1116; x_wconf 82' lang='lat' dir='ltr'>via</span> <span class='ocrx_word' id='word_1_29' title='bbox 1321 1057 1435 1134; x_wconf 72' lang='lat' dir='ltr'>qua-e.</span> 
     </span>
     <span class='ocr_line' id='line_1_6' title="bbox 332 1159 1436 1263; baseline -0.014 -18"><span class='ocrx_word' id='word_1_30' title='bbox 332 1169 451 1245; x_wconf 82' lang='lat' dir='ltr'>&#39;rende</span> <span class='ocrx_word' id='word_1_31' title='bbox 467 1171 514 1242; x_wconf 88' lang='lat' dir='ltr'>sit</span> <span class='ocrx_word' id='word_1_32' title='bbox 540 1166 674 1263; x_wconf 87' lang='lat' dir='ltr'>optime</span> <span class='ocrx_word' id='word_1_33' title='bbox 701 1163 910 1254; x_wconf 82' lang='lat' dir='ltr'>intelligitur</span> <span class='ocrx_word' id='word_1_34' title='bbox 935 1181 984 1229; x_wconf 90' lang='lat' dir='ltr'>ox</span> <span class='ocrx_word' id='word_1_35' title='bbox 1010 1180 1057 1230; x_wconf 88' lang='lat' dir='ltr'>eo</span> <span class='ocrx_word' id='word_1_36' title='bbox 1081 1163 1166 1232; x_wconf 87' lang='lat' dir='ltr'>loeo</span> <span class='ocrx_word' id='word_1_37' title='bbox 1192 1159 1436 1232; x_wconf 82' lang='lat' dir='ltr'>Nicomaohe-</span> 
     </span>
     <span class='ocr_line' id='line_1_7' title="bbox 335 1277 1435 1387; baseline -0.01 -24"><span class='ocrx_word' id='word_1_38' title='bbox 335 1313 462 1387; x_wconf 81' lang='lat' dir='ltr'>orum,</span> <span class='ocrx_word' id='word_1_39' title='bbox 501 1310 573 1385; x_wconf 93' lang='lat' dir='ltr'>quo</span> <span class='ocrx_word' id='word_1_40' title='bbox 606 1285 652 1357; x_wconf 89' lang='lat' dir='ltr'>de</span> <span class='ocrx_word' id='word_1_41' title='bbox 684 1280 813 1365; x_wconf 81' lang='lat' dir='ltr'>eadem</span> <span class='ocrx_word' id='word_1_42' title='bbox 846 1301 885 1351; x_wconf 90' lang='lat' dir='ltr'>re</span> <span class='ocrx_word' id='word_1_43' title='bbox 919 1280 1046 1373; x_wconf 86' lang='lat' dir='ltr'>agitur.</span> <span class='ocrx_word' id='word_1_44' title='bbox 1114 1279 1170 1355; x_wconf 86' lang='lat' dir='ltr'>Ibi</span> <span class='ocrx_word' id='word_1_45' title='bbox 1195 1281 1292 1353; x_wconf 90' lang='lat' dir='ltr'>enim</span> <span class='ocrx_word' id='word_1_46' title='bbox 1316 1277 1369 1375; x_wconf 84' lang='lat'>11,</span> <span class='ocrx_word' id='word_1_47' title='bbox 1394 1279 1435 1352; x_wconf 88' lang='lat'>6.</span> 
     </span>
     <span class='ocr_line' id='line_1_8' title="bbox 335 1399 1436 1500; baseline -0.02 -14"><span class='ocrx_word' id='word_1_48' title='bbox 335 1413 520 1500; x_wconf 78' lang='lat' dir='ltr'>mentione</span> <span class='ocrx_word' id='word_1_49' title='bbox 553 1407 652 1492; x_wconf 82' lang='lat' dir='ltr'>faeta</span> <span class='ocrx_word' id='word_1_50' title='bbox 683 1424 811 1478; x_wconf 87' lang='lat' dir='ltr'>eorum</span> <span class='ocrx_word' id='word_1_51' title='bbox 836 1399 1053 1495; x_wconf 77' lang='lat' dir='ltr'>affectuum,</span> <span class='ocrx_word' id='word_1_52' title='bbox 1090 1402 1153 1496; x_wconf 84' lang='lat' dir='ltr'>qui</span> <span class='ocrx_word' id='word_1_53' title='bbox 1177 1421 1252 1474; x_wconf 90' lang='lat' dir='ltr'>non</span> <span class='ocrx_word' id='word_1_54' title='bbox 1275 1421 1343 1497; x_wconf 81' lang='lat' dir='ltr'>per</span> <span class='ocrx_word' id='word_1_55' title='bbox 1367 1422 1436 1473; x_wconf 80' lang='lat' dir='ltr'>ex.</span> 
     </span>
     <span class='ocr_line' id='line_1_9' title="bbox 337 1522 1437 1619; baseline -0.009 -14"><span class='ocrx_word' id='word_1_56' title='bbox 337 1554 484 1608; x_wconf 83' lang='lat' dir='ltr'>eessmn</span> <span class='ocrx_word' id='word_1_57' title='bbox 510 1533 571 1604; x_wconf 86' lang='lat' dir='ltr'>vel</span> <span class='ocrx_word' id='word_1_58' title='bbox 597 1526 783 1605; x_wconf 83' lang='lat' dir='ltr'>defectum</span> <span class='ocrx_word' id='word_1_59' title='bbox 809 1525 848 1594; x_wconf 94' lang='lat' dir='ltr'>in</span> <span class='ocrx_word' id='word_1_60' title='bbox 872 1522 1087 1619; x_wconf 80' lang='lat' dir='ltr'>pravitatem</span> <span class='ocrx_word' id='word_1_61' title='bbox 1105 1523 1196 1594; x_wconf 90' lang='lat' dir='ltr'>etin</span> <span class='ocrx_word' id='word_1_62' title='bbox 1213 1523 1437 1619; x_wconf 82' lang='lat' dir='ltr'>vituperium</span> 
     </span>
     <span class='ocr_line' id='line_1_10' title="bbox 336 1643 1436 1748; baseline -0.012 -21"><span class='ocrx_word' id='word_1_63' title='bbox 336 1651 514 1748; x_wconf 84' lang='lat' dir='ltr'>incidant,</span> <span class='ocrx_word' id='word_1_64' title='bbox 553 1648 620 1724; x_wconf 89' lang='lat' dir='ltr'>sed</span> <span class='ocrx_word' id='word_1_65' title='bbox 658 1667 725 1725; x_wconf 88' lang='lat' dir='ltr'>sua</span> <span class='ocrx_word' id='word_1_66' title='bbox 762 1646 834 1741; x_wconf 87' lang='lat' dir='ltr'>ipsi</span> <span class='ocrx_word' id='word_1_67' title='bbox 873 1647 1000 1716; x_wconf 86' lang='lat' dir='ltr'>natura</span> <span class='ocrx_word' id='word_1_68' title='bbox 1037 1644 1165 1717; x_wconf 88' lang='lat' dir='ltr'>vitium</span> <span class='ocrx_word' id='word_1_69' title='bbox 1200 1643 1436 1741; x_wconf 82' lang='lat' dir='ltr'>eontineant,</span> 
     </span>
     <span class='ocr_line' id='line_1_11' title="bbox 335 1764 1437 1861; baseline -0.011 -13"><span class='ocrx_word' id='word_1_70' title='bbox 335 1775 554 1848; x_wconf 82' lang='lat' dir='ltr'>Aristoteles</span> <span class='ocrx_word' id='word_1_71' title='bbox 586 1791 664 1842; x_wconf 86' lang='lat' dir='ltr'>rem</span> <span class='ocrx_word' id='word_1_72' title='bbox 696 1769 747 1840; x_wconf 92' lang='lat' dir='ltr'>ita</span> <span class='ocrx_word' id='word_1_73' title='bbox 778 1764 956 1860; x_wconf 86' lang='lat' dir='ltr'>signifieat</span> <span class='ocrx_word' id='word_1_74' title='bbox 982 1766 1110 1859; x_wconf 82' lang='lat' dir='ltr'>magis-</span> <span class='ocrx_word' id='word_1_75' title='bbox 1128 1785 1236 1860; x_wconf 86' lang='lat' dir='ltr'>quarn</span> <span class='ocrx_word' id='word_1_76' title='bbox 1261 1764 1437 1861; x_wconf 81' lang='lat' dir='ltr'>explieat,</span> 
     </span>
     <span class='ocr_line' id='line_1_12' title="bbox 335 1886 1436 1983; baseline -0.012 -14"><span class='ocrx_word' id='word_1_77' title='bbox 335 1904 376 1968; x_wconf 89' lang='lat' dir='ltr'>ut</span> <span class='ocrx_word' id='word_1_78' title='bbox 400 1891 582 1968; x_wconf 79' lang='lat' dir='ltr'>niuemodi</span> <span class='ocrx_word' id='word_1_79' title='bbox 604 1887 841 1983; x_wconf 78' lang='lat' dir='ltr'>affectiones,</span> <span class='ocrx_word' id='word_1_80' title='bbox 879 1887 994 1962; x_wconf 85' lang='lat' dir='ltr'>veluti</span> <span class='ocrx_word' id='word_1_81' title='bbox 1022 1889 1196 1980; x_wconf 74' lang='grc' dir='ltr'><strong><em>μοιχείαν·</em></strong></span> <span class='ocrx_word' id='word_1_82' title='bbox 1211 1886 1348 1979; x_wconf 74' lang='grc' dir='ltr'><strong><em>κλοπήν</em></strong></span> <span class='ocrx_word' id='word_1_83' title='bbox 1371 1889 1436 1982; x_wconf 81' lang='lat' dir='ltr'>al,</span> 
     </span>
     <span class='ocr_line' id='line_1_13' title="bbox 333 2006 1435 2109; baseline -0.012 -19"><span class='ocrx_word' id='word_1_84' title='bbox 333 2020 406 2090; x_wconf 84' lang='lat' dir='ltr'>iam</span> <span class='ocrx_word' id='word_1_85' title='bbox 440 2015 479 2086; x_wconf 89' lang='lat' dir='ltr'>in</span> <span class='ocrx_word' id='word_1_86' title='bbox 505 2037 547 2088; x_wconf 89' lang='lat' dir='ltr'>se</span> <span class='ocrx_word' id='word_1_87' title='bbox 579 2015 678 2109; x_wconf 86' lang='lat' dir='ltr'>ipsas</span> <span class='ocrx_word' id='word_1_88' title='bbox 705 2031 900 2084; x_wconf 81' lang='lat' dir='ltr'>excessum</span> <span class='ocrx_word' id='word_1_89' title='bbox 931 2010 993 2084; x_wconf 85' lang='lat' dir='ltr'>vel</span> <span class='ocrx_word' id='word_1_90' title='bbox 1019 2006 1204 2081; x_wconf 77' lang='lat' dir='ltr'>defectum</span> <span class='ocrx_word' id='word_1_91' title='bbox 1229 2007 1435 2100; x_wconf 79' lang='lat' dir='ltr'>continere,</span> 
     </span>
     <span class='ocr_line' id='line_1_14' title="bbox 335 2128 1434 2229; baseline -0.015 -21"><span class='ocrx_word' id='word_1_92' title='bbox 335 2159 379 2208; x_wconf 87' lang='lat' dir='ltr'>ae</span> <span class='ocrx_word' id='word_1_93' title='bbox 411 2133 565 2229; x_wconf 81' lang='lat' dir='ltr'>proinde</span> <span class='ocrx_word' id='word_1_94' title='bbox 604 2147 722 2222; x_wconf 89' lang='lat' dir='ltr'>neque</span> <span class='ocrx_word' id='word_1_95' title='bbox 743 2128 965 2192; x_wconf 77' lang='lat' dir='ltr'>accedente</span> <span class='ocrx_word' id='word_1_96' title='bbox 995 2129 1142 2198; x_wconf 88' lang='lat' dir='ltr'>demum</span> <span class='ocrx_word' id='word_1_97' title='bbox 1174 2149 1331 2201; x_wconf 85' lang='lat' dir='ltr'>excessu</span> <span class='ocrx_word' id='word_1_98' title='bbox 1367 2129 1434 2198; x_wconf 88' lang='lat' dir='ltr'>vel</span> 
     </span>
     <span class='ocr_line' id='line_1_15' title="bbox 335 2241 1434 2346; baseline -0.022 -17"><span class='ocrx_word' id='word_1_99' title='bbox 335 2255 484 2328; x_wconf 86' lang='lat' dir='ltr'>defectu</span> <span class='ocrx_word' id='word_1_100' title='bbox 500 2248 682 2346; x_wconf 87' lang='lat' dir='ltr'>vituperio</span> <span class='ocrx_word' id='word_1_101' title='bbox 704 2241 900 2334; x_wconf 81' lang='lat' dir='ltr'>obnoxiat,</span> <span class='ocrx_word' id='word_1_102' title='bbox 925 2259 1044 2334; x_wconf 85' lang='lat' dir='ltr'>neque</span> <span class='ocrx_word' id='word_1_103' title='bbox 1060 2261 1128 2332; x_wconf 89' lang='lat' dir='ltr'>per</span> <span class='ocrx_word' id='word_1_104' title='bbox 1142 2245 1434 2316; x_wconf 75' lang='lat' dir='ltr'>mediocritatem</span> 
     </span>
     <span class='ocr_line' id='line_1_16' title="bbox 334 2355 1432 2450; baseline -0.031 0"><span class='ocrx_word' id='word_1_105' title='bbox 334 2373 533 2450; x_wconf 83' lang='lat' dir='ltr'>laudabiles</span> <span class='ocrx_word' id='word_1_106' title='bbox 559 2371 637 2443; x_wconf 83' lang='lat' dir='ltr'>lieri</span> <span class='ocrx_word' id='word_1_107' title='bbox 663 2361 869 2438; x_wconf 78' lang='lat' dir='ltr'>contendat.</span> <span class='ocrx_word' id='word_1_108' title='bbox 895 2411 898 2416; x_wconf 87' lang='lat'>-</span> <span class='ocrx_word' id='word_1_109' title='bbox 930 2359 972 2430; x_wconf 94' lang='lat' dir='ltr'>In</span> <span class='ocrx_word' id='word_1_110' title='bbox 997 2355 1151 2427; x_wconf 87' lang='lat' dir='ltr'>eandem</span> <span class='ocrx_word' id='word_1_111' title='bbox 1166 2356 1257 2426; x_wconf 79' lang='lat' dir='ltr'>&#39;fere</span> <span class='ocrx_word' id='word_1_112' title='bbox 1281 2367 1432 2432; x_wconf 84' lang='lat' dir='ltr'>senten.</span> 
     </span>
     <span class='ocr_line' id='line_1_17' title="bbox 334 2472 1432 2583; baseline -0.014 -19"><span class='ocrx_word' id='word_1_113' title='bbox 334 2502 422 2573; x_wconf 80' lang='lat' dir='ltr'>tiam</span> <span class='ocrx_word' id='word_1_114' title='bbox 452 2495 548 2571; x_wconf 87' lang='lat' dir='ltr'>huna</span> <span class='ocrx_word' id='word_1_115' title='bbox 564 2547 566 2554; x_wconf 21' lang='grc'><strong>1</strong></span> <span class='ocrx_word' id='word_1_116' title='bbox 585 2488 631 2560; x_wconf 90' lang='lat' dir='ltr'>de</span> <span class='ocrx_word' id='word_1_117' title='bbox 670 2504 743 2583; x_wconf 90' lang='lat' dir='ltr'>qno</span> <span class='ocrx_word' id='word_1_118' title='bbox 780 2482 920 2575; x_wconf 84' lang='lat' dir='ltr'>agimus</span> <span class='ocrx_word' id='word_1_119' title='bbox 949 2480 1072 2549; x_wconf 80' lang='lat' dir='ltr'>locum</span> <span class='ocrx_word' id='word_1_120' title='bbox 1109 2472 1432 2574; x_wconf 58' lang='lat' dir='ltr'>conlbnnebimus</span> 
     </span>
     <span class='ocr_line' id='line_1_18' title="bbox 335 2591 1432 2713; baseline -0.023 -21"><span class='ocrx_word' id='word_1_121' title='bbox 335 2623 368 2693; x_wconf 87' lang='lat' dir='ltr'>si</span> <span class='ocrx_word' id='word_1_122' title='bbox 393 2612 667 2713; x_wconf 81' lang='lat' dir='ltr'>seripserimus&#39;:</span> <span class='ocrx_word' id='word_1_123' title='bbox 719 2597 816 2674; x_wconf 73' lang='grc' dir='ltr'><strong><em>ἄλλα</em></strong></span> <span class='ocrx_word' id='word_1_124' title='bbox 852 2604 917 2670; x_wconf 79' lang='grc' dir='ltr'>καί</span> <span class='ocrx_word' id='word_1_125' title='bbox 953 2599 1057 2672; x_wconf 74' lang='grc' dir='ltr'><strong><em>τοῦτο</em></strong></span> <span class='ocrx_word' id='word_1_126' title='bbox 1094 2600 1158 2668; x_wconf 80' lang='grc' dir='ltr'>καὶ</span> <span class='ocrx_word' id='word_1_127' title='bbox 1195 2596 1230 2669; x_wconf 81' lang='grc' dir='ltr'><strong><em>εἴ</em></strong></span> <span class='ocrx_word' id='word_1_128' title='bbox 1263 2620 1298 2668; x_wconf 85' lang='grc' dir='ltr'>τι</span> <span class='ocrx_word' id='word_1_129' title='bbox 1335 2591 1432 2667; x_wconf 82' lang='grc' dir='ltr'><strong><em>ἄλλο</em></strong></span> 
     </span>
     <span class='ocr_line' id='line_1_19' title="bbox 336 2712 1431 2822; baseline -0.021 -10"><span class='ocrx_word' id='word_1_130' title='bbox 336 2737 498 2811; x_wconf 78' lang='grc' dir='ltr'><strong><em>τοιοῦτον</em></strong></span> <span class='ocrx_word' id='word_1_131' title='bbox 524 2731 631 2817; x_wconf 79' lang='grc' dir='ltr'><strong><em>ἐστιν,</em></strong></span> <span class='ocrx_word' id='word_1_132' title='bbox 658 2728 894 2822; x_wconf 72' lang='grc' dir='ltr'><strong><em>ὃπεριίχεεαι</em></strong></span> <span class='ocrx_word' id='word_1_133' title='bbox 920 2717 1027 2813; x_wconf 73' lang='grc' dir='ltr'><strong><em>ἡδονῇ</em></strong></span> <span class='ocrx_word' id='word_1_134' title='bbox 1052 2722 1096 2813; x_wconf 71' lang='grc' dir='ltr'>τῇ</span> <span class='ocrx_word' id='word_1_135' title='bbox 1120 2727 1200 2787; x_wconf 71' lang='grc' dir='ltr'>κατ’</span> <span class='ocrx_word' id='word_1_136' title='bbox 1217 2712 1431 2806; x_wconf 71' lang='grc' dir='ltr'><strong><em>ἀκολασίαν,</em></strong></span> 
     </span>
    </p>
   </div>
   <div class='ocr_carea' id='block_1_3' title="bbox 334 2836 1481 3299">
    <p class='ocr_par' dir='ltr' id='par_1_3' title="bbox 334 2836 1430 3198">
     <span class='ocr_line' id='line_1_20' title="bbox 334 2836 1429 2955; baseline -0.035 -20"><span class='ocrx_word' id='word_1_137' title='bbox 334 2858 357 2955; x_wconf 77' lang='grc' dir='ltr'>ἢ</span> <span class='ocrx_word' id='word_1_138' title='bbox 383 2858 420 2933; x_wconf 75' lang='grc' dir='ltr'>ἐν</span> <span class='ocrx_word' id='word_1_139' title='bbox 445 2855 602 2949; x_wconf 74' lang='grc' dir='ltr'>ἐλλείψει</span> <span class='ocrx_word' id='word_1_140' title='bbox 628 2847 649 2943; x_wconf 78' lang='grc' dir='ltr'>ἢ</span> <span class='ocrx_word' id='word_1_141' title='bbox 676 2846 713 2919; x_wconf 78' lang='grc' dir='ltr'>ἐν</span> <span class='ocrx_word' id='word_1_142' title='bbox 738 2841 920 2941; x_wconf 74' lang='grc' dir='ltr'>ὑπερβολῇ</span> <span class='ocrx_word' id='word_1_143' title='bbox 947 2839 988 2913; x_wconf 80' lang='grc' dir='ltr'>τὸ</span> <span class='ocrx_word' id='word_1_144' title='bbox 1012 2838 1148 2935; x_wconf 82' lang='grc' dir='ltr'><strong><em>ψειτόν</em></strong></span> <span class='ocrx_word' id='word_1_145' title='bbox 1173 2836 1256 2929; x_wconf 76' lang='grc' dir='ltr'><strong><em>ἔχει.</em></strong></span> <span class='ocrx_word' id='word_1_146' title='bbox 1320 2838 1429 2911; x_wconf 88' lang='lat' dir='ltr'>Codi.</span> 
     </span>
     <span class='ocr_line' id='line_1_21' title="bbox 336 2960 1430 3064; baseline -0.024 -8"><span class='ocrx_word' id='word_1_147' title='bbox 336 3004 421 3055; x_wconf 88' lang='lat' dir='ltr'>eum</span> <span class='ocrx_word' id='word_1_148' title='bbox 451 2977 559 3051; x_wconf 89' lang='lat' dir='ltr'>fidem</span> <span class='ocrx_word' id='word_1_149' title='bbox 589 2991 664 3044; x_wconf 90' lang='lat' dir='ltr'>non</span> <span class='ocrx_word' id='word_1_150' title='bbox 694 2984 844 3064; x_wconf 86' lang='lat' dir='ltr'>prorsus</span> <span class='ocrx_word' id='word_1_151' title='bbox 872 2963 1020 3058; x_wconf 82' lang='lat' dir='ltr'>neglexi</span> <span class='ocrx_word' id='word_1_152' title='bbox 1049 2965 1088 3033; x_wconf 91' lang='lat' dir='ltr'>in</span> <span class='ocrx_word' id='word_1_153' title='bbox 1111 2960 1179 3033; x_wconf 83' lang='lat' dir='ltr'>hae</span> <span class='ocrx_word' id='word_1_154' title='bbox 1205 2962 1430 3056; x_wconf 79' lang='lat' dir='ltr'>comestura,</span> 
     </span>
     <span class='ocr_line' id='line_1_22' title="bbox 336 3074 1428 3198; baseline -0.024 -21"><span class='ocrx_word' id='word_1_155' title='bbox 336 3100 514 3198; x_wconf 85' lang='lat' dir='ltr'>siquidem</span> <span class='ocrx_word' id='word_1_156' title='bbox 539 3114 666 3169; x_wconf 88' lang='lat' dir='ltr'>eorum</span> <span class='ocrx_word' id='word_1_157' title='bbox 691 3084 858 3161; x_wconf 83' lang='lat' dir='ltr'>alteer</span> <span class='ocrx_word' id='word_1_158' title='bbox 885 3083 962 3157; x_wconf 75' lang='lat' dir='ltr'>aa</span> <span class='ocrx_word' id='word_1_159' title='bbox 985 3091 1070 3156; x_wconf 87' lang='lat' dir='ltr'>ante</span> <span class='ocrx_word' id='word_1_160' title='bbox 1095 3081 1257 3177; x_wconf 66' lang='grc' dir='ltr'><strong><em>ἐλλείψει·</em></strong></span> <span class='ocrx_word' id='word_1_161' title='bbox 1278 3074 1428 3168; x_wconf 80' lang='lat' dir='ltr'>onrittit3</span> 
     </span>
    </p>

    <p class='ocr_par' dir='ltr' id='par_1_4' title="bbox 336 3183 1481 3299">
     <span class='ocr_line' id='line_1_23' title="bbox 336 3183 1481 3299; baseline -0.023 -3"><span class='ocrx_word' id='word_1_162' title='bbox 336 3222 404 3296; x_wconf 85' lang='lat' dir='ltr'>sed</span> <span class='ocrx_word' id='word_1_163' title='bbox 421 3216 669 3295; x_wconf 77' lang='lat' dir='ltr'>&#39;nnmleuiore</span> <span class='ocrx_word' id='word_1_164' title='bbox 688 3211 886 3284; x_wconf 80' lang='lat' dir='ltr'>mutatione</span> <span class='ocrx_word' id='word_1_165' title='bbox 911 3210 1015 3278; x_wconf 88' lang='lat' dir='ltr'>loeus</span> <span class='ocrx_word' id='word_1_166' title='bbox 1041 3205 1182 3280; x_wconf 86' lang='lat' dir='ltr'>restitui</span> <span class='ocrx_word' id='word_1_167' title='bbox 1206 3202 1338 3299; x_wconf 82' lang='lat' dir='ltr'>possit,</span> <span class='ocrx_word' id='word_1_168' title='bbox 1370 3202 1432 3272; x_wconf 88' lang='lat' dir='ltr'>alii</span> <span class='ocrx_word' id='word_1_169' title='bbox 1480 3183 1481 3188; x_wconf 8' lang='grc' dir='ltr'><strong><em>Ν</em></strong></span> 
     </span>
    </p>
   </div>
   <div class='ocr_carea' id='block_1_4' title="bbox 334 3343 1482 4162">
    <p class='ocr_par' dir='ltr' id='par_1_5' title="bbox 336 3343 1358 3421">
     <span class='ocr_line' id='line_1_24' title="bbox 336 3343 1358 3421; baseline -0.023 -3"><span class='ocrx_word' id='word_1_170' title='bbox 336 3343 527 3421; x_wconf 75' lang='lat' dir='ltr'>viderint-</span> <span class='ocrx_word' id='word_1_171' title='bbox 1355 3360 1358 3368; x_wconf 93' lang='lat'>·</span> 
     </span>
    </p>

    <p class='ocr_par' dir='ltr' id='par_1_6' title="bbox 334 3440 1482 4162">
     <span class='ocr_line' id='line_1_25' title="bbox 436 3440 1432 3559; baseline -0.023 -26"><span class='ocrx_word' id='word_1_172' title='bbox 436 3462 471 3559; x_wconf 59' lang='grc' dir='ltr'>Ι,</span> <span class='ocrx_word' id='word_1_173' title='bbox 499 3458 555 3532; x_wconf 90' lang='lat' dir='ltr'>ll.</span> <span class='ocrx_word' id='word_1_174' title='bbox 582 3480 615 3553; x_wconf 89' lang='lat' dir='ltr'>p.</span> <span class='ocrx_word' id='word_1_175' title='bbox 647 3448 835 3527; x_wconf 64' lang='lat'>11871021.</span> <span class='ocrx_word' id='word_1_176' title='bbox 888 3446 1074 3544; x_wconf 70' lang='grc' dir='ltr'><strong><em>ἐπειδήπερ</em></strong></span> <span class='ocrx_word' id='word_1_177' title='bbox 1096 3442 1150 3519; x_wconf 70' lang='grc' dir='ltr'>λέν</span> <span class='ocrx_word' id='word_1_178' title='bbox 1181 3440 1268 3537; x_wconf 73' lang='grc' dir='ltr'><strong><em>ἐμοί</em></strong></span> <span class='ocrx_word' id='word_1_179' title='bbox 1289 3440 1363 3514; x_wconf 76' lang='grc' dir='ltr'><strong><em>ἐστι</em></strong></span> <span class='ocrx_word' id='word_1_180' title='bbox 1390 3441 1432 3511; x_wconf 78' lang='grc' dir='ltr'>τὸ</span> 
     </span>
     <span class='ocr_line' id='line_1_26' title="bbox 334 3559 1481 3680; baseline -0.024 -25"><span class='ocrx_word' id='word_1_181' title='bbox 334 3580 464 3680; x_wconf 73' lang='grc' dir='ltr'><strong><em>δικαίῳ</em></strong></span> <span class='ocrx_word' id='word_1_182' title='bbox 494 3574 585 3651; x_wconf 71' lang='grc' dir='ltr'><strong><em>εἶναι</em></strong></span> <span class='ocrx_word' id='word_1_183' title='bbox 614 3580 678 3649; x_wconf 76' lang='grc' dir='ltr'>καὶ</span> <span class='ocrx_word' id='word_1_184' title='bbox 712 3572 914 3670; x_wconf 75' lang='grc' dir='ltr'><strong><em>σπουδαίῳ,</em></strong></span> <span class='ocrx_word' id='word_1_185' title='bbox 952 3568 1015 3641; x_wconf 70' lang='grc' dir='ltr'>ἐὰν</span> <span class='ocrx_word' id='word_1_186' title='bbox 1046 3567 1260 3660; x_wconf 78' lang='grc' dir='ltr'><strong><em>βούλωμαι,</em></strong></span> <span class='ocrx_word' id='word_1_187' title='bbox 1299 3559 1430 3650; x_wconf 78' lang='grc' dir='ltr'><strong><em>ἔσομαι</em></strong></span> <span class='ocrx_word' id='word_1_188' title='bbox 1480 3591 1481 3604; x_wconf 49' lang='lat'>¹</span> 
     </span>
     <span class='ocr_line' id='line_1_27' title="bbox 336 3681 1428 3780; baseline -0.03 -2"><span class='ocrx_word' id='word_1_189' title='bbox 336 3705 484 3780; x_wconf 73' lang='grc' dir='ltr'><strong><em>πάντων</em></strong></span> <span class='ocrx_word' id='word_1_190' title='bbox 506 3700 797 3775; x_wconf 74' lang='grc' dir='ltr'><strong><em>σπουδαιότατος.</em></strong></span> <span class='ocrx_word' id='word_1_191' title='bbox 849 3690 956 3766; x_wconf 84' lang='lat' dir='ltr'>Adeo</span> <span class='ocrx_word' id='word_1_192' title='bbox 982 3689 1163 3763; x_wconf 83' lang='lat' dir='ltr'>constanti</span> <span class='ocrx_word' id='word_1_193' title='bbox 1192 3704 1263 3754; x_wconf 90' lang='lat' dir='ltr'>usu</span> <span class='ocrx_word' id='word_1_194' title='bbox 1287 3681 1324 3750; x_wconf 91' lang='lat' dir='ltr'>in</span> <span class='ocrx_word' id='word_1_195' title='bbox 1351 3698 1428 3748; x_wconf 88' lang='lat' dir='ltr'>orn-</span> 
     </span>
     <span class='ocr_line' id='line_1_28' title="bbox 335 3800 1428 3913; baseline -0.026 -16"><span class='ocrx_word' id='word_1_196' title='bbox 335 3825 441 3899; x_wconf 85' lang='lat' dir='ltr'>nibus</span> <span class='ocrx_word' id='word_1_197' title='bbox 466 3822 565 3895; x_wconf 89' lang='lat' dir='ltr'>libris</span> <span class='ocrx_word' id='word_1_198' title='bbox 590 3816 805 3913; x_wconf 67' lang='lat' dir='ltr'>morasthin,</span> <span class='ocrx_word' id='word_1_199' title='bbox 831 3816 893 3911; x_wconf 87' lang='lat' dir='ltr'>qui</span> <span class='ocrx_word' id='word_1_200' title='bbox 909 3812 1116 3886; x_wconf 80' lang='lat' dir='ltr'>Aristotelis</span> <span class='ocrx_word' id='word_1_201' title='bbox 1141 3801 1287 3875; x_wconf 84' lang='lat' dir='ltr'>nomine</span> <span class='ocrx_word' id='word_1_202' title='bbox 1305 3800 1428 3872; x_wconf 82' lang='lat' dir='ltr'>serun-</span> 
     </span>
     <span class='ocr_line' id='line_1_29' title="bbox 334 3929 1482 4044; baseline -0.027 -23"><span class='ocrx_word' id='word_1_203' title='bbox 334 3953 405 4044; x_wconf 84' lang='lat' dir='ltr'>tur,</span> <span class='ocrx_word' id='word_1_204' title='bbox 430 3944 650 4043; x_wconf 80' lang='lat' dir='ltr'>praepositio</span> <span class='ocrx_word' id='word_1_205' title='bbox 677 3937 844 4013; x_wconf 73' lang='lat' dir='ltr'>osteum</span> <span class='ocrx_word' id='word_1_206' title='bbox 870 3936 993 4008; x_wconf 79' lang='lat' dir='ltr'>dativo</span> <span class='ocrx_word' id='word_1_207' title='bbox 1019 3930 1213 4007; x_wconf 84' lang='lat' dir='ltr'>eoniunota</span> <span class='ocrx_word' id='word_1_208' title='bbox 1238 3929 1430 4019; x_wconf 85' lang='lat' dir='ltr'>usurpatur</span> <span class='ocrx_word' id='word_1_209' title='bbox 1480 3955 1482 3958; x_wconf 96' lang='lat'>·</span> 
     </span>
     <span class='ocr_line' id='line_1_30' title="bbox 334 4046 1427 4162; baseline -0.027 -21"><span class='ocrx_word' id='word_1_210' title='bbox 334 4065 393 4143; x_wconf 85' lang='lat' dir='ltr'>ad.</span> <span class='ocrx_word' id='word_1_211' title='bbox 410 4063 685 4162; x_wconf 76' lang='lat' dir='ltr'>signifioand&#39;um</span> <span class='ocrx_word' id='word_1_212' title='bbox 717 4059 762 4134; x_wconf 83' lang='lat' dir='ltr'>id</span> <span class='ocrx_word' id='word_1_213' title='bbox 783 4054 884 4157; x_wconf 90' lang='lat' dir='ltr'>quod</span> <span class='ocrx_word' id='word_1_214' title='bbox 917 4050 977 4127; x_wconf 88' lang='lat' dir='ltr'>est</span> <span class='ocrx_word' id='word_1_215' title='bbox 1006 4054 1044 4125; x_wconf 89' lang='lat' dir='ltr'>in</span> <span class='ocrx_word' id='word_1_216' title='bbox 1069 4046 1225 4122; x_wconf 83' lang='lat' dir='ltr'>alieuius</span> <span class='ocrx_word' id='word_1_217' title='bbox 1247 4049 1427 4141; x_wconf 85' lang='lat' dir='ltr'>potestate</span> 
     </span>
    </p>
   </div>
   <div class='ocr_carea' id='block_1_5' title="bbox 334 4164 1427 4284">
    <p class='ocr_par' dir='ltr' id='par_1_7' title="bbox 334 4164 1427 4284">
     <span class='ocr_line' id='line_1_31' title="bbox 334 4164 1427 4284; baseline -0.022 -23"><span class='ocrx_word' id='word_1_218' title='bbox 334 4196 373 4261; x_wconf 91' lang='lat' dir='ltr'>et</span> <span class='ocrx_word' id='word_1_219' title='bbox 395 4186 543 4261; x_wconf 82' lang='lat' dir='ltr'>arbitrio</span> <span class='ocrx_word' id='word_1_220' title='bbox 567 4187 745 4284; x_wconf 74' lang='lat' dir='ltr'>posnam,-</span> <span class='ocrx_word' id='word_1_221' title='bbox 770 4190 810 4253; x_wconf 87' lang='lat' dir='ltr'>ut</span> <span class='ocrx_word' id='word_1_222' title='bbox 833 4178 893 4250; x_wconf 81' lang='lat' dir='ltr'>irio</span> <span class='ocrx_word' id='word_1_223' title='bbox 920 4178 1038 4247; x_wconf 82' lang='lat' dir='ltr'>etiam</span> <span class='ocrx_word' id='word_1_224' title='bbox 1054 4170 1182 4245; x_wconf 84' lang='lat' dir='ltr'>eadem</span> <span class='ocrx_word' id='word_1_225' title='bbox 1208 4164 1427 4265; x_wconf 82' lang='lat' dir='ltr'>praepositio</span> 
     </span>
    </p>
   </div>
   <div class='ocr_carea' id='block_1_6' title="bbox 0 0 1604 4975">
    <p class='ocr_par' dir='ltr' id='par_1_8' title="bbox 0 0 1604 4975">
     <span class='ocr_line' id='line_1_32' title="bbox 0 0 1604 4975; baseline 0 1"><span class='ocrx_word' id='word_1_226' title='bbox 0 0 1604 4975; x_wconf 95' lang='lat' dir='ltr'> </span> 
     </span>
    </p>
   </div>
  </div>
 </body>
</html>
