3200 4975
1225 439 1273 512 4³

181 677 224 690 -
252 679 295 691 -
324 627 366 724 ἦν
390 632 551 722 κώνειον)
577 635 630 730 uqi
656 626 845 722 ἀγνοοῦντι
868 634 931 701 xci
955 631 998 701 δν
1021 631 1084 698 ναὶ
1108 617 1142 722 pi
1164 615 1274 694 ναῖῖῖ

174 755 261 823 κτλ.
303 753 453 826 Residet
477 753 622 849 quidem
648 753 755 824 etiam
781 755 836 824 sic
861 753 1067 845 corruptela
1088 750 1127 817 in
1151 742 1275 819 verbis

175 868 265 964 ἤτοι
299 870 349 952 ὥς
371 869 426 944 ὅτι
449 878 531 967 μὲν,
557 871 730 946 sedeam
755 895 826 969 qua
849 870 1023 968 probabili
1043 868 1182 939 ratione
1207 867 1275 936 tol·

177 996 258 1064 lam
286 1015 358 1065 non
374 994 497 1069 video.
550 994 721 1066 Ceterum
747 994 792 1067 de
811 995 978 1087 exemplo
1002 989 1138 1063 veneni
1162 987 1275 1059 invite

180 1114 259 1186 dati
285 1115 333 1186 cf.
360 1115 413 1187 M.
440 1115 494 1186 M.
519 1114 548 1210 Ι,
578 1113 634 1188 16.
659 1139 694 1211 p.
726 1111 913 1186 1188b31.

286 1235 337 1331 11,
368 1234 425 1306 lo.
452 1259 486 1331 p.
504 1233 663 1308 122602.
704 1235 904 1308 Infinitivus
929 1227 1034 1318 εἶναι,
1059 1230 1122 1324 qui
1144 1225 1276 1302 verbo·

178 1375 265 1426 rum
300 1358 604 1429 constructionem
629 1354 829 1452 perturbat,
866 1356 930 1429 vel
961 1347 1182 1424 omittendus
1207 1354 1276 1443 est,

179 1485 223 1546 ut
250 1497 441 1570 perperam
466 1479 616 1548 iteratus
641 1499 725 1548 esse
750 1477 917 1548 videatur
945 1495 994 1546 ex
1020 1495 1056 1568 p.
1086 1463 1275 1540 lambat.

183 1603 337 1689 propter
375 1596 640 1668 simulitudinem
677 1595 937 1670 vocabulorum
973 1589 1277 1684 antecedentium,
1332 1577 1346 1600 ⁸

184 1716 252 1786 vel
283 1716 474 1788 mutandus
511 1718 548 1788 in
580 1711 632 1810 dr.
658 1718 790 1814 -11‚
820 1715 876 1788 10.
903 1737 940 1810 p.
970 1709 1159 1784 luzo-14.
1183 1710 1276 1802 βοοῖ-

184 1837 289 1906 λεται
326 1833 367 1907 δέ
393 1861 436 1928 γε
466 1838 628 1931 μάλιστα
661 1837 704 1908 ad
736 1837 836 1914 τέλος
865 1842 928 1906 καὶ
959 1832 1174 1918 δοξάζειν
1203 1827 1278 1900 δεῖν

184 1960 250 2026 καῖ
280 1955 454 2047 ὖγιαίνειν
485 1963 548 2028 καῖ
579 1951 618 2027 εδ
646 1952 824 2054 πράττειν.
887 1952 1097 2048 Legendum
1130 1958 1187 2023 est
1215 1954 1278 2022 καῖ

186 2073 375 2161 δοξάζει
414 2075 497 2149 δεῖν.
574 2077 629 2150 cf.
654 2075 711 2148 ⁸4.
751 2070 833 2148 οδδδ
861 2073 905 2167 δὴ
936 2071 959 2166 ἡ
991 2074 1065 2143 τοῖν
1095 2067 1152 2161 ἐφ’
1177 2067 1278 2168 corp

186 2191 305 2267 ὄντοιν
328 2201 496 2297 πραιτοῖν
518 2196 619 2284 δόξα,
644 2190 667 2291 ᾗ
692 2200 916 2290 τυγχάνομεν
946 2191 1108 2286 οἰόμενοι
1139 2191 1212 2264 δεῖν
1244 2216 1278 2264 τι

186 2313 355 2417 πράττειν
379 2311 460 2410 diod
483 2320 663 2416 πράττειν.

290 2440 349 2534 11,
379 2438 435 2511 10.
461 2461 497 2534 p.
529 2433 688 2511 lamb-2.
717 2459 792 2535 sqq.
828 2433 947 2530 ἐπειδὴ
978 2430 1042 2509 οὖν
1074 2428 1156 2506 οὔτε
1188 2431 1278 2521 δόξα

190 2556 272 2631 οὔτε
287 2555 454 2653 βούλησίς
468 2558 543 2632 ἐστι
567 2568 777 2659 προαίρεσις,
804 2557 898 2631 ἐστὶν
922 2556 973 2639 οῖς
997 2556 1177 2656 ἑκάτερον,
1202 2550 1278 2629 οὔδ’

191 2676 316 2774 ἄμφω.
376 2678 539 2775 ἐξαίφνης
573 2680 646 2779 γὰρ
677 2684 900 2780 προαιρεῖται
921 2685 990 2774 μὲν
1014 2672 1154 2766 addaiu,
1180 2677 1281 2753 δοκεῖ

192 2800 231 2873 δὲ
254 2804 425 2898 πράττειν
443 2806 506 2874 καῖ
529 2798 736 2894 βούλονται.
761 2799 813 2881 ὥς
835 2797 1028 2894 agrippam
1045 2794 1136 2896 ἄρα·
1161 2798 1277 2894 ἄμφω

190 2923 260 3020 γὰρ
290 2921 439 3023 δπιῖρχει
471 2925 524 3020 uqi
556 2934 828 3021 προαιρουμένῳ
861 2928 985 2995 ταῦτα.
1018 2918 1115 2996 ἄλλα
1139 2928 1217 3001 πῶς
1240 2922 1280 2996 ἐκ

190 3040 326 3115 τούτων
363 3053 542 3115 σκεπτέον.
619 3044 722 3131 Quae
762 3048 811 3117 sit
842 3046 879 3116 in
911 3047 1120 3120 universum
1151 3048 1279 3118 horum

193 3164 382 3238 verborum
408 3164 589 3238 sententia
614 3167 677 3238 vix
702 3173 823 3260 potest
848 3164 1001 3246 dubitari
1013 3192 1023 3255 ;
1061 3164 1084 3259 ἡ
1112 3176 1280 3267 προαίρε-

195 3307 262 3371 σις,
300 3286 337 3355 id
366 3286 464 3381 quod
494 3296 603 3358 antea
635 3294 691 3358 est
724 3285 1026 3383 demonstratum,
1063 3309 1182 3385 neque
1212 3310 1279 3361 vo·

194 3404 299 3479 lendo
331 3426 448 3500 neque
480 3404 662 3504 opinando
695 3406 905 3503 simpliciter
943 3410 1171 3495 continetur3
1213 3409 1281 3483 scd

195 3528 360 3627 quoniam
391 3546 462 3597 nec
492 3530 694 3601 seiunctum
728 3536 784 3601 est
820 3532 884 3604 vel
920 3533 1016 3603 velle
1055 3531 1118 3601 vel
1142 3530 1280 3626 opinari

197 3670 218 3718 a
255 3654 475 3743 προαιρέσει,
513 3648 756 3743 quaerendum
794 3656 853 3721 est
889 3649 1070 3745 quomodo
1108 3672 1157 3723 ex
1192 3672 1280 3722 con·

197 3769 323 3840 iunctis
347 3766 402 3839 his
430 3766 569 3842 duobus
597 3772 726 3842 existat
754 3778 966 3870 προαίρεσις.
1031 3771 1105 3847 Sed
1129 3770 1168 3839 in
1192 3771 1281 3863 ipsis

197 3886 314 3962 verbis
336 3893 448 3961 multa
464 3891 585 3962 insunt
606 3914 698 3988 quae
726 3890 983 3966 dubitationem
1008 3890 1172 3962 afferant.
1223 3890 1281 3964 Ac

196 4012 343 4105 primum
376 4010 520 4104 quidem
555 4010 756 4086 subiectum
796 4020 1034 4109 προαιρεσις.
1059 4032 1167 4105 quum
1205 4030 1281 4085 non

198 4152 302 4203 unum
329 4130 505 4225 quoddam
538 4134 728 4206 consilium
759 4133 923 4225 denotet,
957 4130 1023 4199 sed
1048 4131 1163 4224 ipsam
1193 4154 1280 4205 con·
