3200 4975
1215 468 1259 543 41

179 660 424 733 commodum.
476 657 526 730 ἔτι
563 659 648 737 ἴσως
684 661 822 729 τούτων
852 657 897 727 τά
929 660 997 748 μὲν
1026 664 1115 747 φαίη
1145 679 1198 732 τις
1220 651 1266 724 άν

177 784 249 872 (so.
278 779 424 852 ἑκούσια
446 775 554 872 εἶναι)
592 779 638 850 τά
665 778 697 849 d'
722 773 775 850 ού.
801 771 871 848 ὅσοι
895 782 962 868 μὲν
986 777 1059 874 γάρ
1084 774 1140 866 ἐφ’
1166 772 1266 873 αύτῷ

177 903 447 972 τῶντοιούτων
471 900 524 993 μὴ
548 897 704 996 ύπάρξοιι
729 895 923 995 ἢύπάρξοιι
944 896 1017 985 δεῖ,
1056 890 1126 968 ὅσα
1153 899 1267 995 πράτ-

180 1045 234 1092 τει
261 1021 287 1092 ά
313 1021 364 1114 μὴ
388 1023 581 1114 βούλεται,
612 1015 704 1091 ἑκών
736 1021 883 1116 πράττει
913 1024 975 1089 καί
1006 1013 1050 1090 ού
1075 1019 1162 1112 βίᾳ·
1199 1011 1268 1089 ὅσα

182 1141 222 1212 δὲ·
245 1141 296 1234 μὴ
324 1140 379 1233 ἐφ’
404 1138 506 1238 αύτῷ
522 1144 594 1212 τάν
611 1142 795 1227 τοιούτοιν,
821 1141 888 1234 βίᾳ
903 1164 981 1216 πως
996 1141 1051 1230 ¹⁸),
1075 1131 1121 1209 ού
1144 1148 1269 1231 μέντοι

121 1317 122 1330 ,
180 1271 215 1352 γ’
242 1259 375 1341 ἅπλῶς
416 1263 473 1356 (p.
504 1261 716 1352 1225a10.)
785 1261 1035 1355 Corruptelnm
1072 1262 1193 1332 inesse
1231 1262 1270 1331 in

121 1419 122 1442 ι
180 1381 297 1456 verbo
323 1381 379 1454 δεῖ
401 1389 500 1454 reete
525 1385 596 1454 iam
615 1381 848 1456 casaubonus
865 1381 1069 1477 adnotavit,
1093 1379 1162 1454 sed
1186 1381 1272 1477 quid

121 1549 122 1558 ο
180 1506 220 1575 in
246 1505 326 1577 eius
350 1506 471 1575 looum
492 1503 781 1576 substituendum
797 1511 947 1576 censeat
962 1501 1165 1598 significare
1182 1504 1272 1574 omi·

184 1625 244 1694 sit.
287 1623 345 1696 Ao
371 1645 458 1696 sane
484 1621 626 1695 dubites
640 1619 770 1695 'utrum
796 1620 851 1693 δεῖ
865 1625 1011 1695 omnino
1036 1622 1272 1696 omittendum

186 1746 251 1839 sit,
290 1764 336 1815 an
362 1743 571 1816 mutandum
595 1745 632 1816 in
658 1737 714 1814 άεῐ
739 1765 787 1817 ex
811 1743 1106 1838 frequentissimo
1135 1742 1273 1815 librari·

184 1885 288 1936 orum
315 1884 449 1960 errore,
476 1868 537 1939 vel
554 1865 592 1934 in
607 1868 688 1950 καὶ,
713 1864 812 1959 quod
828 1865 874 1936 ed
891 1865 1107 1936 sententiam
1128 1865 1270 1959 aptissi-

119 2035 121 2044 ·
183 2008 282 2058 mum
307 1985 463 2060 videtur.
515 1984 779 2079 Quamcunque
818 1983 1030 2079 probaveris
1054 1983 1270 2056 emendandi

118 2157 120 2166 s
184 2109 374 2201 rationem,
399 2105 491 2176 hoec
508 2103 587 2176 fere
605 2106 674 2176 erit
689 2103 883 2178 verborum
900 2103 1094 2177 sententio:
1119 2102 1275 2192 Quando

118 2277 119 2286 ε
186 2248 236 2298 ex
259 2228 342 2320 ipso
367 2245 582 2320 suspensum
606 2234 684 2323 est,
709 2248 796 2298 num
824 2227 958 2298 existat
984 2224 1129 2320 aliquod
1158 2247 1207 2297 ex
1230 2227 1276 2297 iis

118 2411 120 2424 ,
186 2345 441 2442 incommodis,
486 2347 533 2417 ad
571 2368 663 2442 quae
707 2345 878 2420 eumuna
917 2346 1070 2418 invitum
1112 2367 1154 2417 se
1196 2347 1276 2442 quis

117 2501 119 2506 r
186 2492 296 2561 agere
323 2469 388 2560 ait,
415 2490 463 2539 an
487 2488 562 2539 non
588 2469 735 2566 existat,
759 2474 837 2540 tum
860 2468 949 2540 lioet
971 2488 1046 2538 non
1070 2462 1199 2537 lubens
1221 2466 1276 2536 fa-

186 2592 262 2661 eiat
293 2609 384 2683 quae
416 2588 521 2683 fucit,
560 2598 690 2685 sponte
719 2600 841 2663 tamen
874 2587 963 2662 fecit
995 2607 1071 2659 non
1102 2595 1277 2675 coactum

192 2709 335 2806 quando
366 2730 456 2782 vero
485 2709 574 2781 illud
605 2732 680 2783 non
713 2711 849 2808 pendet
886 2732 934 2783 ex
969 2708 1083 2805 ipsius
1119 2706 1277 2804 arbitrio,

189 2843 266 2902 tum
297 2831 376 2902 iure
407 2828 545 2903 dicotur
577 2831 859 2927 quodammodo,
898 2830 1068 2903 sednon
1096 2832 1202 2924 plone
1234 2850 1278 2900 oo

190 2952 399 3048 simpliciter
424 2960 574 3024 coaetus
600 2974 695 3024 esse.
723 2990 772 3006 ·-
804 2952 880 3025 Sed
905 2959 1067 3048 oportet,
1092 2951 1142 3023 ait
1166 2950 1279 3045 philo·

189 3074 343 3169 sophuS,
368 3071 456 3144 illud
472 3073 739 3145 incommodum
756 3072 854 3169 quod
875 3073 956 3169 quis
982 3072 1120 3145 evitare
1146 3069 1278 3167 studet,

190 3196 306 3266 maius
332 3192 511 3289 quoddam
538 3214 622 3267 esse
647 3201 686 3265 et
710 3198 867 3289 gravius.
895 3187 990 3265 οὕτω
1018 3192 1091 3290 γάρ
1115 3184 1281 3282 άνογκοι-

193 3310 340 3407 ξάμενος
363 3321 425 3387 καὶ
450 3314 503 3407 μὴ
528 3314 595 3408 βίᾳ
619 3318 766 3409 πράξει,
792 3312 815 3407 ἢ
839 3308 883 3387 ού
908 3312 1030 3406 φύσει,
1063 3307 1151 3383 ὅταν
1166 3310 1281 3382 κακὸν

193 3427 344 3525 dyo-iod
374 3431 521 3527 ἕνεκοῆ
557 3440 719 3528 μείζονος
760 3439 873 3508 ιιωιού
896 3429 1102 3513 ἀπολύσεως
1133 3433 1282 3527 πράττῃ.

193 3580 227 3651 p.
259 3552 446 3627 1225217.
499 3557 737 3652 Negedonem
762 3556 823 3649 μὴ
846 3565 931 3629 ante
957 3558 1023 3648 βίᾳ
1049 3553 1282 3627 omittendam

194 3698 278 3748 esse
304 3678 367 3747 vel
391 3677 595 3749 mutandam
621 3680 660 3749 in
691 3672 731 3773 ἢ,
767 3677 866 3773 quod
890 3677 1066 3749 referatur
1090 3676 1137 3749 ad
1162 3676 1284 3771 proxi·

196 3818 293 3867 mum
331 3792 352 3885 ἢ
383 3788 425 3866 ού
458 3793 581 3886 φύσει,
619 3807 658 3869 et
689 3820 737 3871 ex
774 3800 820 3872 iis
851 3806 1000 3895 apparet
1037 3820 1129 3896 quae
1162 3795 1283 3888 paul10

197 3966 409 3976 ....-----—--—-

236 4072 274 4149 *)
319 4070 463 4131 linciitice
490 4071 590 4151 scripsi
617 4096 677 4142 ποις,
709 4075 843 4153 quoniam
872 4073 1009 4153 particula
1041 4080 1084 4128 ost
1114 4067 1285 4139 indefinita;

321 4172 575 4233 circumduxerunt
598 4172 660 4235 Cas·
682 4176 772 4235 neri.

1475 4191 1478 4284 i
