3200 4975
327 524 374 597 74

324 715 381 780 est
406 727 534 782 verum
556 703 603 775 τὸ
627 705 805 802 τρυπάνῳ.
854 704 942 803 Iuda
968 707 1060 776 banc
1085 707 1166 779 sere
1198 709 1238 778 in
1268 708 1420 780 formam

323 829 382 900 hic
406 829 510 898 locus
528 823 731 920 redigetur:
759 825 950 918 συμβαίνει
966 823 1005 897 ἀὲ
1029 829 1216 897 καὶτοῦτο
1243 827 1316 918 (an
1333 821 1419 899 αιἰτό

239 994 241 1005 ·
322 945 411 1038 rot)
449 941 606 1044 ὄργανον
636 942 841 1038 ἐπιμελείας
865 946 1064 1037 τυγχάνειν,
1096 939 1135 1038 ἧς
1159 944 1307 1018 δάιαιον
1337 947 1422 1044 πρὸς

322 1067 365 1139 co
390 1065 509 1164 ἔργον,
551 1063 687 1137 ἐκείνου
712 1064 785 1164 γάρ
811 1063 927 1138 ἕνεκέν
952 1063 1044 1139 ἐστι.
1077 1070 1141 1136 καὶ
1164 1065 1218 1139 τὸ
1253 1069 1418 1166 τρυπάνῳ

320 1184 412 1261 εἶναι
437 1185 557 1259 ἀιττόυ
580 1184 659 1257 κτλ.

421 1331 464 1403 p:
487 1303 750 1380 lamba-15.
795 1304 916 1379 Locus
947 1307 1178 1380 multifariam
1213 1315 1416 1403 corruptus,

321 1451 429 1525 quem
456 1426 637 1524 quomodo
662 1434 778 1500 totum
804 1426 996 1500 emendem
1012 1448 1087 1500 non
1111 1426 1243 1504 habeo.
1296 1427 1418 1500 Liceat

320 1559 442 1623 tamen
474 1550 513 1620 in
542 1550 626 1620 ioco
660 1547 853 1643 desperato
894 1569 939 1620 ea
969 1555 1069 1620 certe
1101 1549 1240 1621 menda
1279 1533 1418 1642 tollere,

319 1689 412 1768 quaa
438 1676 477 1742 et
500 1667 607 1742 facile
634 1675 673 1742 ct
696 1665 927 1764 probabiliter
949 1667 1118 1742 videntur
1143 1670 1285 1764 corrigi
1300 1688 1417 1765 posse.

318 1790 376 1863 Ac
392 1792 546 1886 primum
563 1787 708 1885 quidem
725 1811 760 1862 v.
788 1785 822 1856 5.
841 1807 907 1882 pro
925 1780 1281 1880 ἀμφισβητησάντων
1297 1793 1416 1883 legen-

320 1910 406 1984 dum
436 1907 582 1982 videtur
614 1899 1015 2000 ἀμφισβητηθέυτιου,
1054 1908 1184 1982 deinde
1216 1935 1253 1986 v.
1290 1910 1326 1982 7.
1352 1927 1415 2004 pro
1477 1934 1478 1941 ¹

319 2023 620 2127 ἀνεστραμμένως
634 2025 844 2124 recipienda
869 2034 926 2100 ost
940 2029 1051 2100 lectio
1077 2028 1159 2100 cod.
1178 2028 1238 2102 Μ
1242 2030 1260 2080 b
1287 2025 1415 2101 ἀντε-

319 2158 605 2248 στραμμέυως
640 2146 688 2218 of.
717 2145 770 2216 M.
794 2144 847 2216 Μ.
879 2146 928 2242 11,
961 2147 996 2219 7.
1022 2171 1057 2244 p.
1087 2147 1278 2223 libo-38.
1304 2149 1413 2222 Arist.

318 2269 364 2342 dc
389 2271 534 2363 interpr.
557 2265 614 2339 13.
640 2289 675 2363 p.
690 2262 831 2361 22034,
856 2261 915 2338 ι’9.
950 2264 1042 2363 Top.
1061 2267 1158 2363 VHI,
1189 2268 1247 2341 ll.
1266 2294 1302 2364 p.
1320 2267 1414 2340 1622

318 2390 353 2461 l.
380 2387 490 2481 Phys.
517 2387 580 2484 ΠΙ,
605 2386 639 2460 6.
658 2410 693 2483 p.
708 2381 849 2460 rotho.
871 2384 932 2458 27.
950 2389 1009 2483 ab,
1035 2396 1110 2460 tum
1133 2411 1167 2463 v.
1182 2388 1218 2460 9.
1245 2409 1313 2484 pro
1331 2387 1415 2458 δια-

315 2519 480 2603 κείμενον
494 2506 724 2581 scribendum
748 2506 900 2581 arbitror
925 2505 1208 2599 διακείμενος
1232 2516 1411 2582 commate

316 2637 399 2703 anto
444 2631 515 2702 hoc
552 2626 770 2706 vocabulmn
809 2629 947 2724 posito,
995 2626 1149 2725 denique
1188 2652 1225 2703 v.
1255 2630 1315 2702 13.
1345 2648 1411 2724 pro
1478 2705 1479 2708 Ἴ

314 2744 507 2843 εῐςήνεγκευ
530 2748 726 2845 legendum
760 2749 829 2820 crit
854 2746 1069 2840 εἰςήυεγκον
1092 2752 1155 2823 vel
1179 2746 1410 2841 ελςήνεγκαν,
1478 2729 1479 2754 ’

123 2846 124 2857 .
238 2888 243 2899 ·
315 2869 413 2970 quod
438 2868 653 2964 Sylburgius
678 2870 879 2965 proposuit.

414 3014 450 3087 p.
479 2987 667 3061 1243211.
709 2987 766 3059 «bo
792 2986 935 3079 ἐνιαχοῦ
963 2992 1076 3082 νόμος
1100 2988 1178 3063 ἐστὶ
1203 2994 1277 3071 τοῖς
1300 2984 1411 3067 οὕτως

314 3108 483 3204 ὁμιλοῦσι
500 3110 651 3202 φιλικῶς
674 3107 726 3201 μὴ
746 3102 850 3181 ,εἶναι
871 3108 972 3189 δίκας
993 3114 1067 3182 τῶν
1084 3109 1255 3184 ἑκουσίαν
1277 3112 1408 3184 συναλ·

312 3230 529 3323 λυγμάτονν,
555 3222 688 3328 ὀρθῶς.
704 3231 776 3308 τοῖς
790 3226 864 3328 γάρ
881 3223 1040 3320 ἀγαθοῖς
1061 3224 1104 3303 mi
1119 3231 1253 3324 πέφυκε
1271 3231 1408 3305 δίκαιον

312 3346 423 3437 εἶναι,
461 3347 496 3420 oi
525 3348 556 3421 δ’
590 3344 642 3427 ὦς
670 3342 829 3441 ἀγαθοί,
864 3355 942 3420 καὶ
971 3352 1061 3428 τοῖς
1093 3353 1406 3425 συναλλάττουσιν.

312 3471 384 3545 Pro
401 3470 561 3546 καὶ-τοῖς
584 3469 623 3539 in
640 3468 720 3541 cod.
747 3468 810 3542 Pb
834 3470 976 3565 legitur,
1002 3470 1100 3566 quod
1123 3473 1406 3547 manifestiorem

312 3590 421 3662 ctiam
438 3610 526 3684 prae
543 3610 584 3663 sc
602 3587 675 3662 fcrt
695 3590 947 3685 corruptelam,
971 3595 1034 3661 και
1046 3594 1104 3683 τῆς
1118 3596 1199 3673 τοῖς.
1252 3594 1327 3667 Sed
1343 3612 1406 3665 nc-

312 3733 382 3809 que
409 3708 507 3806 quod
539 3730 562 3779 a
584 3707 754 3784 Bckkcro
783 3716 973 3806 receptum
1003 3717 1147 3782 estaol
1172 3716 1245 3789 τοῖς
1274 3713 1406 3783 συναλ-

312 3827 519 3918 λάττουσιν,
542 3828 630 3902 licet
653 3850 720 3924 per
742 3850 783 3903 se
808 3850 885 3903 non
900 3827 1094 3906 absurdum
1110 3832 1294 3926 videatur,
1332 3832 1404 3903 ullo

311 3951 422 4025 modo
455 3952 507 4026 ita
536 3956 659 4047 potest
689 3969 774 4022 cmn
813 3949 1058 4048 superioribus
1089 3952 1211 4028 verbis
1245 3950 1405 4025 construi

311 4080 352 4144 ut
369 4079 452 4167 apta
475 4071 559 4144 inde
578 4071 709 4145 existat
734 4072 918 4145 enunciari
933 4076 1121 4147 sententia.
1173 4069 1258 4169 Ipso
1283 4078 1405 4145 autem

312 4190 547 4263 ratiocinandi
572 4208 672 4267 nexu
696 4213 742 4265 oo
768 4191 934 4267 videmur
965 4193 1048 4267 duci
1075 4199 1113 4267 ut
1137 4191 1346 4281 scribamus
1373 4184 1406 4257 οἳ
