<?xml version="1.0" encoding="UTF-8"?>
<!DOCTYPE html PUBLIC "-//W3C//DTD XHTML 1.0 Transitional//EN"
    "http://www.w3.org/TR/xhtml1/DTD/xhtml1-transitional.dtd">
<html xmlns="http://www.w3.org/1999/xhtml" xml:lang="en" lang="en">
 <head>
  <title>
</title>
<meta http-equiv="Content-Type" content="text/html;charset=utf-8" />
  <meta name='ocr-system' content='tesseract 3.04.00' />
  <meta name='ocr-capabilities' content='ocr_page ocr_carea ocr_par ocr_line ocrx_word'/>
</head>
<body>
  <div class='ocr_page' id='page_1' title='image "./observationescr02bonigoog_0041.png"; bbox 0 0 3200 4975; ppageno 0'>
   <div class='ocr_carea' id='block_1_1' title="bbox 1214 477 1260 550">
    <p class='ocr_par' dir='ltr' id='par_1_1' title="bbox 1214 477 1260 550">
     <span class='ocr_line' id='line_1_1' title="bbox 1214 477 1260 550; baseline 0 0"><span class='ocrx_word' id='word_1_1' title='bbox 1214 477 1260 550; x_wconf 81' lang='lat'>37</span> 
     </span>
    </p>
   </div>
   <div class='ocr_carea' id='block_1_2' title="bbox 121 655 1262 4254">
    <p class='ocr_par' dir='ltr' id='par_1_2' title="bbox 166 655 1262 1359">
     <span class='ocr_line' id='line_1_2' title="bbox 279 655 1261 755; baseline -0.002 -21"><span class='ocrx_word' id='word_1_2' title='bbox 279 663 331 754; x_wconf 78' lang='lat' dir='ltr'>lt,</span> <span class='ocrx_word' id='word_1_3' title='bbox 360 655 392 732; x_wconf 82' lang='lat' dir='ltr'>l.</span> <span class='ocrx_word' id='word_1_4' title='bbox 420 686 452 755; x_wconf 90' lang='lat' dir='ltr'>p.</span> <span class='ocrx_word' id='word_1_5' title='bbox 484 659 670 734; x_wconf 69' lang='lat'>12191124.</span> <span class='ocrx_word' id='word_1_6' title='bbox 722 655 808 732; x_wconf 82' lang='grc' dir='ltr'><strong><em>ὅσον</em></strong></span> <span class='ocrx_word' id='word_1_7' title='bbox 840 660 877 732; x_wconf 78' lang='grc' dir='ltr'>δὲ</span> <span class='ocrx_word' id='word_1_8' title='bbox 908 664 971 732; x_wconf 80' lang='grc' dir='ltr'>τοῦ</span> <span class='ocrx_word' id='word_1_9' title='bbox 998 661 1049 751; x_wconf 75' lang='grc' dir='ltr'>μὴ</span> <span class='ocrx_word' id='word_1_10' title='bbox 1080 662 1261 732; x_wconf 69' lang='grc' dir='ltr'><strong><em>κινεῖσθαι</em></strong></span> 
     </span>
     <span class='ocr_line' id='line_1_3' title="bbox 167 782 1262 876; baseline 0.003 -24"><span class='ocrx_word' id='word_1_11' title='bbox 167 790 394 874; x_wconf 72' lang='grc' dir='ltr'><strong><em>μετέχουσιν.</em></strong></span> <span class='ocrx_word' id='word_1_12' title='bbox 461 782 703 858; x_wconf 86' lang='lat' dir='ltr'>Omittendam</span> <span class='ocrx_word' id='word_1_13' title='bbox 734 805 817 856; x_wconf 87' lang='lat' dir='ltr'>esse</span> <span class='ocrx_word' id='word_1_14' title='bbox 850 784 1079 876; x_wconf 85' lang='lat' dir='ltr'>negationem</span> <span class='ocrx_word' id='word_1_15' title='bbox 1113 784 1165 876; x_wconf 80' lang='grc' dir='ltr'>μὴ</span> <span class='ocrx_word' id='word_1_16' title='bbox 1200 784 1262 857; x_wconf 86' lang='lat' dir='ltr'>vei</span> 
     </span>
     <span class='ocr_line' id='line_1_4' title="bbox 166 902 1260 999; baseline 0.001 -25"><span class='ocrx_word' id='word_1_17' title='bbox 166 902 379 974; x_wconf 82' lang='lat' dir='ltr'>mutandam</span> <span class='ocrx_word' id='word_1_18' title='bbox 403 904 441 975; x_wconf 93' lang='lat' dir='ltr'>in</span> <span class='ocrx_word' id='word_1_19' title='bbox 458 928 506 996; x_wconf 78' lang='grc' dir='ltr'>πῃ</span> <span class='ocrx_word' id='word_1_20' title='bbox 531 911 764 999; x_wconf 91' lang='lat' dir='ltr'>praeceptum</span> <span class='ocrx_word' id='word_1_21' title='bbox 780 906 852 976; x_wconf 90' lang='lat' dir='ltr'>iam</span> <span class='ocrx_word' id='word_1_22' title='bbox 869 904 979 979; x_wconf 90' lang='lat' dir='ltr'>video</span> <span class='ocrx_word' id='word_1_23' title='bbox 996 926 1019 975; x_wconf 88' lang='lat' dir='ltr'>a</span> <span class='ocrx_word' id='word_1_24' title='bbox 1035 902 1260 997; x_wconf 83' lang='lat' dir='ltr'>Casaubono,</span> 
     </span>
     <span class='ocr_line' id='line_1_5' title="bbox 169 1021 1261 1096; baseline 0.002 -3"><span class='ocrx_word' id='word_1_25' title='bbox 169 1025 238 1093; x_wconf 91' lang='lat' dir='ltr'>cui</span> <span class='ocrx_word' id='word_1_26' title='bbox 264 1021 434 1096; x_wconf 86' lang='lat' dir='ltr'>obsecuta</span> <span class='ocrx_word' id='word_1_27' title='bbox 467 1031 526 1094; x_wconf 89' lang='lat' dir='ltr'>cst</span> <span class='ocrx_word' id='word_1_28' title='bbox 555 1023 665 1096; x_wconf 90' lang='lat' dir='ltr'>editio</span> <span class='ocrx_word' id='word_1_29' title='bbox 690 1023 850 1096; x_wconf 87' lang='lat' dir='ltr'>Tauchn.</span> <span class='ocrx_word' id='word_1_30' title='bbox 902 1026 1037 1096; x_wconf 84' lang='lat' dir='ltr'>Veram</span> <span class='ocrx_word' id='word_1_31' title='bbox 1063 1045 1106 1095; x_wconf 90' lang='lat' dir='ltr'>ac</span> <span class='ocrx_word' id='word_1_32' title='bbox 1132 1045 1261 1095; x_wconf 87' lang='lat' dir='ltr'>neces·</span> 
     </span>
     <span class='ocr_line' id='line_1_6' title="bbox 169 1144 1258 1240; baseline 0.002 -26"><span class='ocrx_word' id='word_1_33' title='bbox 169 1145 304 1214; x_wconf 84' lang='lat' dir='ltr'>sariam</span> <span class='ocrx_word' id='word_1_34' title='bbox 330 1165 411 1216; x_wconf 85' lang='lat' dir='ltr'>eam</span> <span class='ocrx_word' id='word_1_35' title='bbox 437 1165 521 1216; x_wconf 88' lang='lat' dir='ltr'>esse</span> <span class='ocrx_word' id='word_1_36' title='bbox 546 1144 836 1220; x_wconf 83' lang='lat' dir='ltr'>emendationem</span> <span class='ocrx_word' id='word_1_37' title='bbox 860 1151 1009 1240; x_wconf 85' lang='lat' dir='ltr'>apparet</span> <span class='ocrx_word' id='word_1_38' title='bbox 1037 1148 1117 1216; x_wconf 88' lang='lat' dir='ltr'>coil.</span> <span class='ocrx_word' id='word_1_39' title='bbox 1145 1144 1187 1217; x_wconf 91' lang='lat' dir='ltr'>E.</span> <span class='ocrx_word' id='word_1_40' title='bbox 1215 1144 1258 1216; x_wconf 88' lang='lat' dir='ltr'>N.</span> 
     </span>
     <span class='ocr_line' id='line_1_7' title="bbox 167 1260 546 1359; baseline 0.005 -25"><span class='ocrx_word' id='word_1_41' title='bbox 167 1264 200 1359; x_wconf 79' lang='grc' dir='ltr'>Ι,</span> <span class='ocrx_word' id='word_1_42' title='bbox 233 1263 289 1336; x_wconf 82' lang='grc'>13.</span> <span class='ocrx_word' id='word_1_43' title='bbox 316 1289 350 1359; x_wconf 90' lang='lat' dir='ltr'>p.</span> <span class='ocrx_word' id='word_1_44' title='bbox 383 1260 546 1336; x_wconf 65' lang='lat' dir='ltr'>llo-zie.</span> 
     </span>
    </p>

    <p class='ocr_par' dir='ltr' id='par_1_3' title="bbox 121 1383 1262 4254">
     <span class='ocr_line' id='line_1_8' title="bbox 272 1383 1260 1482; baseline 0.002 -25"><span class='ocrx_word' id='word_1_45' title='bbox 272 1386 323 1482; x_wconf 81' lang='lat'>11,</span> <span class='ocrx_word' id='word_1_46' title='bbox 354 1385 385 1456; x_wconf 92' lang='lat' dir='ltr'>l.</span> <span class='ocrx_word' id='word_1_47' title='bbox 412 1409 445 1480; x_wconf 92' lang='lat' dir='ltr'>p.</span> <span class='ocrx_word' id='word_1_48' title='bbox 477 1383 660 1460; x_wconf 68' lang='lat'>1220232.</span> <span class='ocrx_word' id='word_1_49' title='bbox 702 1383 841 1473; x_wconf 86' lang='lat' dir='ltr'>Quibus</span> <span class='ocrx_word' id='word_1_50' title='bbox 866 1384 975 1458; x_wconf 89' lang='lat' dir='ltr'>rebus</span> <span class='ocrx_word' id='word_1_51' title='bbox 1008 1387 1124 1460; x_wconf 89' lang='lat' dir='ltr'>virtus</span> <span class='ocrx_word' id='word_1_52' title='bbox 1149 1407 1260 1480; x_wconf 85' lang='lat' dir='ltr'>genc-</span> 
     </span>
     <span class='ocr_line' id='line_1_9' title="bbox 167 1504 1260 1602; baseline 0.003 -27"><span class='ocrx_word' id='word_1_53' title='bbox 167 1512 291 1601; x_wconf 82' lang='lat' dir='ltr'>ratur‚</span> <span class='ocrx_word' id='word_1_54' title='bbox 328 1504 375 1576; x_wconf 89' lang='lat' dir='ltr'>ad</span> <span class='ocrx_word' id='word_1_55' title='bbox 401 1506 547 1578; x_wconf 82' lang='lat' dir='ltr'>easdem</span> <span class='ocrx_word' id='word_1_56' title='bbox 576 1509 638 1580; x_wconf 89' lang='lat' dir='ltr'>vel</span> <span class='ocrx_word' id='word_1_57' title='bbox 663 1506 900 1600; x_wconf 79' lang='lat' dir='ltr'>perficiendas</span> <span class='ocrx_word' id='word_1_58' title='bbox 932 1509 993 1580; x_wconf 86' lang='lat' dir='ltr'>vel</span> <span class='ocrx_word' id='word_1_59' title='bbox 1024 1506 1260 1602; x_wconf 85' lang='lat' dir='ltr'>perferendas</span> 
     </span>
     <span class='ocr_line' id='line_1_10' title="bbox 171 1621 1261 1723; baseline 0.005 -29"><span class='ocrx_word' id='word_1_60' title='bbox 171 1626 311 1717; x_wconf 89' lang='lat' dir='ltr'>optime</span> <span class='ocrx_word' id='word_1_61' title='bbox 342 1628 500 1698; x_wconf 86' lang='lat' dir='ltr'>anirnum</span> <span class='ocrx_word' id='word_1_62' title='bbox 525 1628 682 1722; x_wconf 81' lang='lat' dir='ltr'>instruit,</span> <span class='ocrx_word' id='word_1_63' title='bbox 721 1621 797 1696; x_wconf 77' lang='grc' dir='ltr'><strong><em>οἷον</em></strong></span> <span class='ocrx_word' id='word_1_64' title='bbox 828 1627 931 1695; x_wconf 86' lang='grc' dir='ltr'><strong><em>ιιόνοι</em></strong></span> <span class='ocrx_word' id='word_1_65' title='bbox 966 1650 1003 1696; x_wconf 79' lang='grc' dir='ltr'><strong><em>τε</em></strong></span> <span class='ocrx_word' id='word_1_66' title='bbox 1033 1623 1261 1723; x_wconf 73' lang='grc' dir='ltr'><strong><em>ἄριστοικαὶ</em></strong></span> 
     </span>
     <span class='ocr_line' id='line_1_11' title="bbox 174 1739 1262 1840; baseline 0.006 -28"><span class='ocrx_word' id='word_1_67' title='bbox 174 1739 291 1840; x_wconf 77' lang='grc' dir='ltr'><strong><em>τροφὴ</em></strong></span> <span class='ocrx_word' id='word_1_68' title='bbox 318 1739 385 1835; x_wconf 70' lang='grc' dir='ltr'>ἀφ’</span> <span class='ocrx_word' id='word_1_69' title='bbox 409 1739 462 1816; x_wconf 72' lang='grc' dir='ltr'>οὖν</span> <span class='ocrx_word' id='word_1_70' title='bbox 489 1756 623 1836; x_wconf 77' lang='grc' dir='ltr'><strong><em>γίνεται</em></strong></span> <span class='ocrx_word' id='word_1_71' title='bbox 657 1740 789 1833; x_wconf 67' lang='grc' dir='ltr'><strong><em>εὐεξία,</em></strong></span> <span class='ocrx_word' id='word_1_72' title='bbox 825 1751 888 1817; x_wconf 80' lang='grc' dir='ltr'>καὶ</span> <span class='ocrx_word' id='word_1_73' title='bbox 925 1740 997 1816; x_wconf 74' lang='lat' dir='ltr'>dno</span> <span class='ocrx_word' id='word_1_74' title='bbox 1035 1749 1096 1839; x_wconf 73' lang='grc' dir='ltr'>τῆς</span> <span class='ocrx_word' id='word_1_75' title='bbox 1130 1741 1262 1832; x_wconf 71' lang='grc' dir='ltr'><strong><em>εὐεξίας</em></strong></span> 
     </span>
     <span class='ocr_line' id='line_1_12' title="bbox 169 1860 1258 1963; baseline 0.006 -29"><span class='ocrx_word' id='word_1_76' title='bbox 169 1867 340 1936; x_wconf 73' lang='grc' dir='ltr'><strong><em>πονοῦσιν</em></strong></span> <span class='ocrx_word' id='word_1_77' title='bbox 365 1860 514 1963; x_wconf 74' lang='grc' dir='ltr'><strong><em>ἄριστα,</em></strong></span> <span class='ocrx_word' id='word_1_78' title='bbox 553 1875 742 1962; x_wconf 88' lang='lat' dir='ltr'>praetcrea</span> <span class='ocrx_word' id='word_1_79' title='bbox 766 1866 896 1939; x_wconf 87' lang='lat' dir='ltr'>iisdem</span> <span class='ocrx_word' id='word_1_80' title='bbox 921 1864 1048 1962; x_wconf 85' lang='lat' dir='ltr'>rebus,</span> <span class='ocrx_word' id='word_1_81' title='bbox 1073 1871 1258 1963; x_wconf 85' lang='lat' dir='ltr'>voluptate</span> 
     </span>
     <span class='ocr_line' id='line_1_13' title="bbox 173 1961 1260 2080; baseline 0.002 -24"><span class='ocrx_word' id='word_1_82' title='bbox 173 1961 333 2058; x_wconf 77' lang='lat' dir='ltr'>maxime¹</span> <span class='ocrx_word' id='word_1_83' title='bbox 366 1995 405 2057; x_wconf 89' lang='lat' dir='ltr'>et</span> <span class='ocrx_word' id='word_1_84' title='bbox 440 1987 583 2078; x_wconf 85' lang='lat' dir='ltr'>dolore,</span> <span class='ocrx_word' id='word_1_85' title='bbox 620 2006 686 2080; x_wconf 90' lang='lat' dir='ltr'>pro</span> <span class='ocrx_word' id='word_1_86' title='bbox 719 1983 865 2058; x_wconf 87' lang='lat' dir='ltr'>diverso</span> <span class='ocrx_word' id='word_1_87' title='bbox 903 1988 1030 2059; x_wconf 90' lang='lat' dir='ltr'>horum</span> <span class='ocrx_word' id='word_1_88' title='bbox 1063 1985 1260 2059; x_wconf 81' lang='lat' dir='ltr'>affectuum</span> 
     </span>
     <span class='ocr_line' id='line_1_14' title="bbox 169 2091 1260 2200; baseline 0.005 -24"><span class='ocrx_word' id='word_1_89' title='bbox 169 2107 283 2178; x_wconf 89' lang='lat' dir='ltr'>modo</span> <span class='ocrx_word' id='word_1_90' title='bbox 310 2113 348 2178; x_wconf 91' lang='lat' dir='ltr'>et</span> <span class='ocrx_word' id='word_1_91' title='bbox 364 2112 515 2200; x_wconf 85' lang='lat' dir='ltr'>augetur</span> <span class='ocrx_word' id='word_1_92' title='bbox 532 2091 644 2178; x_wconf 83' lang='lat' dir='ltr'>virtus</span> <span class='ocrx_word' id='word_1_93' title='bbox 671 2112 708 2178; x_wconf 89' lang='lat' dir='ltr'>et</span> <span class='ocrx_word' id='word_1_94' title='bbox 728 2105 957 2179; x_wconf 85' lang='lat' dir='ltr'>imminuitur.</span> <span class='ocrx_word' id='word_1_95' title='bbox 1008 2107 1113 2180; x_wconf 86' lang='lat' dir='ltr'>Haec</span> <span class='ocrx_word' id='word_1_96' title='bbox 1139 2110 1260 2181; x_wconf 87' lang='lat' dir='ltr'>omnia</span> 
     </span>
     <span class='ocr_line' id='line_1_15' title="bbox 171 2222 1259 2328; baseline 0 -30"><span class='ocrx_word' id='word_1_97' title='bbox 171 2228 326 2321; x_wconf 87' lang='lat' dir='ltr'>scriptor</span> <span class='ocrx_word' id='word_1_98' title='bbox 351 2225 479 2298; x_wconf 86' lang='lat' dir='ltr'>deinde</span> <span class='ocrx_word' id='word_1_99' title='bbox 505 2227 756 2320; x_wconf 86' lang='lat' dir='ltr'>complectitur</span> <span class='ocrx_word' id='word_1_100' title='bbox 771 2226 827 2298; x_wconf 89' lang='lat' dir='ltr'>his</span> <span class='ocrx_word' id='word_1_101' title='bbox 843 2224 982 2301; x_wconf 85' lang='lat' dir='ltr'>verbis:</span> <span class='ocrx_word' id='word_1_102' title='bbox 1020 2233 1082 2298; x_wconf 78' lang='lat' dir='ltr'>xci</span> <span class='ocrx_word' id='word_1_103' title='bbox 1107 2225 1128 2321; x_wconf 76' lang='grc' dir='ltr'><strong><em>ἡ</em></strong></span> <span class='ocrx_word' id='word_1_104' title='bbox 1154 2222 1259 2328; x_wconf 73' lang='grc' dir='ltr'><strong><em>ἀρετὴ</em></strong></span> 
     </span>
     <span class='ocr_line' id='line_1_16' title="bbox 121 2341 1259 2446; baseline 0.006 -30"><span class='ocrx_word' id='word_1_105' title='bbox 121 2413 122 2430; x_wconf 62' lang='grc'>,</span> <span class='ocrx_word' id='word_1_106' title='bbox 172 2342 245 2446; x_wconf 81' lang='grc' dir='ltr'>ἄρα</span> <span class='ocrx_word' id='word_1_107' title='bbox 270 2344 292 2438; x_wconf 77' lang='grc' dir='ltr'><strong><em>ἡ</em></strong></span> <span class='ocrx_word' id='word_1_108' title='bbox 318 2341 461 2438; x_wconf 75' lang='grc' dir='ltr'><strong><em>τοιαύτη</em></strong></span> <span class='ocrx_word' id='word_1_109' title='bbox 487 2343 650 2422; x_wconf 73' lang='grc' dir='ltr'><strong><em>διάθεσίς</em></strong></span> <span class='ocrx_word' id='word_1_110' title='bbox 679 2342 785 2429; x_wconf 80' lang='grc' dir='ltr'><strong><em>ἐστιν,</em></strong></span> <span class='ocrx_word' id='word_1_111' title='bbox 817 2345 839 2436; x_wconf 78' lang='grc' dir='ltr'><em>ἢ</em></span> <span class='ocrx_word' id='word_1_112' title='bbox 870 2354 1010 2437; x_wconf 75' lang='grc' dir='ltr'><strong><em>γίνεταί</em></strong></span> <span class='ocrx_word' id='word_1_113' title='bbox 1031 2371 1069 2419; x_wconf 83' lang='grc' dir='ltr'><strong><em>τε</em></strong></span> <span class='ocrx_word' id='word_1_114' title='bbox 1092 2345 1162 2418; x_wconf 77' lang='grc' dir='ltr'>ὑπὸ</span> <span class='ocrx_word' id='word_1_115' title='bbox 1188 2354 1259 2423; x_wconf 79' lang='grc' dir='ltr'>τῶν</span> 
     </span>
     <span class='ocr_line' id='line_1_17' title="bbox 171 2461 1260 2566; baseline 0.002 -27"><span class='ocrx_word' id='word_1_116' title='bbox 171 2462 328 2565; x_wconf 75' lang='grc' dir='ltr'><strong><em>α’ρίστων</em></strong></span> <span class='ocrx_word' id='word_1_117' title='bbox 357 2473 437 2566; x_wconf 78' lang='grc' dir='ltr'><strong><em>περὶ</em></strong></span> <span class='ocrx_word' id='word_1_118' title='bbox 469 2467 586 2561; x_wconf 77' lang='grc' dir='ltr'><strong><em>ψυχὴν</em></strong></span> <span class='ocrx_word' id='word_1_119' title='bbox 610 2467 781 2559; x_wconf 78' lang='grc' dir='ltr'><strong><em>κινήσεων</em></strong></span> <span class='ocrx_word' id='word_1_120' title='bbox 805 2472 868 2539; x_wconf 76' lang='grc' dir='ltr'>καὶ</span> <span class='ocrx_word' id='word_1_121' title='bbox 899 2461 964 2559; x_wconf 73' lang='grc' dir='ltr'>ἀφ’</span> <span class='ocrx_word' id='word_1_122' title='bbox 995 2461 1035 2564; x_wconf 66' lang='grc' dir='ltr'>ἧς</span> <span class='ocrx_word' id='word_1_123' title='bbox 1065 2464 1260 2566; x_wconf 79' lang='grc' dir='ltr'><strong><em>πράττεται</em></strong></span> 
     </span>
     <span class='ocr_line' id='line_1_18' title="bbox 174 2582 1260 2687; baseline 0.004 -28"><span class='ocrx_word' id='word_1_124' title='bbox 174 2589 221 2659; x_wconf 77' lang='grc' dir='ltr'>τοὶ</span> <span class='ocrx_word' id='word_1_125' title='bbox 246 2582 374 2686; x_wconf 78' lang='grc' dir='ltr'><strong><em>ἄριστα</em></strong></span> <span class='ocrx_word' id='word_1_126' title='bbox 400 2591 593 2683; x_wconf 70' lang='grc' dir='ltr'>τῆσψυχῆς</span> <span class='ocrx_word' id='word_1_127' title='bbox 619 2586 706 2687; x_wconf 78' lang='grc' dir='ltr'><strong><em>ἔργα</em></strong></span> <span class='ocrx_word' id='word_1_128' title='bbox 712 2640 725 2675; x_wconf 83' lang='grc'><strong><em>,</em></strong></span> <span class='ocrx_word' id='word_1_129' title='bbox 760 2594 822 2659; x_wconf 76' lang='grc' dir='ltr'>καὶ</span> <span class='ocrx_word' id='word_1_130' title='bbox 846 2586 916 2659; x_wconf 77' lang='lat' dir='ltr'>dud</span> <span class='ocrx_word' id='word_1_131' title='bbox 943 2593 1015 2661; x_wconf 82' lang='grc' dir='ltr'>τών</span> <span class='ocrx_word' id='word_1_132' title='bbox 1040 2584 1160 2662; x_wconf 77' lang='grc' dir='ltr'><strong><em>αὕτῶν</em></strong></span> <span class='ocrx_word' id='word_1_133' title='bbox 1184 2595 1260 2671; x_wconf 78' lang='grc' dir='ltr'>πῶς</span> 
     </span>
     <span class='ocr_line' id='line_1_19' title="bbox 174 2708 1261 2811; baseline 0.003 -30"><span class='ocrx_word' id='word_1_134' title='bbox 174 2715 243 2803; x_wconf 79' lang='grc' dir='ltr'>μὲν</span> <span class='ocrx_word' id='word_1_135' title='bbox 266 2718 402 2800; x_wconf 83' lang='grc' dir='ltr'><strong><em>γίνεται</em></strong></span> <span class='ocrx_word' id='word_1_136' title='bbox 432 2712 508 2788; x_wconf 76' lang='grc' dir='ltr'>πῶς</span> <span class='ocrx_word' id='word_1_137' title='bbox 540 2708 577 2779; x_wconf 75' lang='grc' dir='ltr'>δὲ</span> <span class='ocrx_word' id='word_1_138' title='bbox 608 2708 809 2807; x_wconf 76' lang='grc' dir='ltr'><strong><em>φθείρεται.</em></strong></span> <span class='ocrx_word' id='word_1_139' title='bbox 844 2711 933 2804; x_wconf 73' lang='grc' dir='ltr'>πρὸς</span> <span class='ocrx_word' id='word_1_140' title='bbox 956 2715 1069 2784; x_wconf 77' lang='grc' dir='ltr'><strong><em>ταῦτα</em></strong></span> <span class='ocrx_word' id='word_1_141' title='bbox 1093 2710 1116 2805; x_wconf 72' lang='grc' dir='ltr'><strong><em>ἡ</em></strong></span> <span class='ocrx_word' id='word_1_142' title='bbox 1136 2716 1261 2811; x_wconf 70' lang='grc' dir='ltr'><strong><em>χρῆσις</em></strong></span> 
     </span>
     <span class='ocr_line' id='line_1_20' title="bbox 176 2822 1260 2931; baseline 0.005 -31"><span class='ocrx_word' id='word_1_143' title='bbox 176 2825 280 2921; x_wconf 69' lang='grc' dir='ltr'><strong><em>αὐτῆς</em></strong></span> <span class='ocrx_word' id='word_1_144' title='bbox 295 2828 355 2920; x_wconf 71' lang='grc' dir='ltr'>ὑφ’</span> <span class='ocrx_word' id='word_1_145' title='bbox 373 2822 502 2901; x_wconf 75' lang='grc' dir='ltr'><strong><em>ὤνκαὶ</em></strong></span> <span class='ocrx_word' id='word_1_146' title='bbox 518 2825 662 2915; x_wconf 80' lang='grc' dir='ltr'><strong><em>αὔξεται</em></strong></span> <span class='ocrx_word' id='word_1_147' title='bbox 678 2835 741 2901; x_wconf 77' lang='grc' dir='ltr'>καὶ</span> <span class='ocrx_word' id='word_1_148' title='bbox 764 2829 973 2928; x_wconf 77' lang='grc' dir='ltr'><strong><em>φθείρεται,</em></strong></span> <span class='ocrx_word' id='word_1_149' title='bbox 1011 2834 1099 2931; x_wconf 77' lang='grc' dir='ltr'><strong><em>πρὸς</em></strong></span> <span class='ocrx_word' id='word_1_150' title='bbox 1122 2834 1148 2904; x_wconf 80' lang='grc' dir='ltr'><strong><em>ἅ</em></strong></span> <span class='ocrx_word' id='word_1_151' title='bbox 1171 2836 1260 2926; x_wconf 77' lang='grc' dir='ltr'>βέλ-</span> 
     </span>
     <span class='ocr_line' id='line_1_21' title="bbox 174 2950 1261 3051; baseline 0.001 -28"><span class='ocrx_word' id='word_1_152' title='bbox 174 2974 275 3023; x_wconf 80' lang='grc' dir='ltr'><strong><em>τιστα</em></strong></span> <span class='ocrx_word' id='word_1_153' title='bbox 301 2950 514 3044; x_wconf 75' lang='grc' dir='ltr'><strong><em>διατίθησιν.</em></strong></span> <span class='ocrx_word' id='word_1_154' title='bbox 566 2952 779 3046; x_wconf 87' lang='lat' dir='ltr'>Corruptcla</span> <span class='ocrx_word' id='word_1_155' title='bbox 804 2954 900 3026; x_wconf 88' lang='lat' dir='ltr'>inest</span> <span class='ocrx_word' id='word_1_156' title='bbox 914 2952 1037 3029; x_wconf 88' lang='lat' dir='ltr'>verbis</span> <span class='ocrx_word' id='word_1_157' title='bbox 1061 2955 1149 3051; x_wconf 74' lang='grc' dir='ltr'>πρὸς</span> <span class='ocrx_word' id='word_1_158' title='bbox 1173 2959 1261 3025; x_wconf 79' lang='grc' dir='ltr'><strong><em>ταῦ-</em></strong></span> 
     </span>
     <span class='ocr_line' id='line_1_22' title="bbox 174 3073 1259 3175; baseline 0.006 -31"><span class='ocrx_word' id='word_1_159' title='bbox 174 3100 238 3161; x_wconf 85' lang='grc' dir='ltr'>τα,</span> <span class='ocrx_word' id='word_1_160' title='bbox 266 3073 489 3147; x_wconf 88' lang='lat' dir='ltr'>desideratur</span> <span class='ocrx_word' id='word_1_161' title='bbox 515 3074 611 3146; x_wconf 88' lang='lat' dir='ltr'>enim</span> <span class='ocrx_word' id='word_1_162' title='bbox 628 3074 817 3171; x_wconf 84' lang='lat' dir='ltr'>particula,</span> <span class='ocrx_word' id='word_1_163' title='bbox 843 3096 914 3175; x_wconf 86' lang='lat' dir='ltr'>qua</span> <span class='ocrx_word' id='word_1_164' title='bbox 929 3075 1001 3150; x_wconf 84' lang='lat' dir='ltr'>hoc</span> <span class='ocrx_word' id='word_1_165' title='bbox 1018 3078 1126 3151; x_wconf 87' lang='lat' dir='ltr'>colon</span> <span class='ocrx_word' id='word_1_166' title='bbox 1150 3099 1259 3173; x_wconf 89' lang='lat' dir='ltr'>supe·</span> 
     </span>
     <span class='ocr_line' id='line_1_23' title="bbox 176 3196 1260 3294; baseline 0.004 -29"><span class='ocrx_word' id='word_1_167' title='bbox 176 3197 259 3266; x_wconf 87' lang='lat' dir='ltr'>riori</span> <span class='ocrx_word' id='word_1_168' title='bbox 296 3196 510 3290; x_wconf 82' lang='lat' dir='ltr'>adiungatur</span> <span class='ocrx_word' id='word_1_169' title='bbox 540 3196 602 3267; x_wconf 85' lang='lat' dir='ltr'>vel</span> <span class='ocrx_word' id='word_1_170' title='bbox 640 3203 863 3289; x_wconf 84' lang='lat' dir='ltr'>opponatur3</span> <span class='ocrx_word' id='word_1_171' title='bbox 901 3216 946 3271; x_wconf 89' lang='lat' dir='ltr'>ac</span> <span class='ocrx_word' id='word_1_172' title='bbox 984 3206 1189 3294; x_wconf 82' lang='lat' dir='ltr'>praeterea,</span> <span class='ocrx_word' id='word_1_173' title='bbox 1227 3201 1260 3269; x_wconf 91' lang='lat' dir='ltr'>si</span> 
     </span>
     <span class='ocr_line' id='line_1_24' title="bbox 177 3314 1258 3410; baseline 0.001 -23"><span class='ocrx_word' id='word_1_174' title='bbox 177 3318 429 3389; x_wconf 85' lang='lat' dir='ltr'>sententiarum</span> <span class='ocrx_word' id='word_1_175' title='bbox 455 3337 590 3389; x_wconf 82' lang='lat' dir='ltr'>nexum</span> <span class='ocrx_word' id='word_1_176' title='bbox 615 3314 850 3410; x_wconf 82' lang='lat' dir='ltr'>attendimus,</span> <span class='ocrx_word' id='word_1_177' title='bbox 887 3338 962 3388; x_wconf 90' lang='lat' dir='ltr'>non</span> <span class='ocrx_word' id='word_1_178' title='bbox 990 3317 1105 3393; x_wconf 80' lang='lat' dir='ltr'>fuisse</span> <span class='ocrx_word' id='word_1_179' title='bbox 1137 3318 1258 3391; x_wconf 85' lang='lat' dir='ltr'>dicen-</span> 
     </span>
     <span class='ocr_line' id='line_1_25' title="bbox 178 3434 1260 3535; baseline 0.004 -28"><span class='ocrx_word' id='word_1_180' title='bbox 178 3436 260 3510; x_wconf 88' lang='lat' dir='ltr'>dum</span> <span class='ocrx_word' id='word_1_181' title='bbox 286 3445 448 3530; x_wconf 77' lang='lat' dir='ltr'>apparet,</span> <span class='ocrx_word' id='word_1_182' title='bbox 487 3438 533 3509; x_wconf 89' lang='lat' dir='ltr'>ad</span> <span class='ocrx_word' id='word_1_183' title='bbox 565 3434 638 3508; x_wconf 80' lang='lat' dir='ltr'>hos</span> <span class='ocrx_word' id='word_1_184' title='bbox 669 3458 729 3507; x_wconf 89' lang='lat' dir='ltr'>res</span> <span class='ocrx_word' id='word_1_185' title='bbox 761 3437 941 3532; x_wconf 87' lang='lat' dir='ltr'>pertinere</span> <span class='ocrx_word' id='word_1_186' title='bbox 967 3462 1073 3512; x_wconf 89' lang='lat' dir='ltr'>usum</span> <span class='ocrx_word' id='word_1_187' title='bbox 1099 3441 1260 3535; x_wconf 82' lang='lat' dir='ltr'>virtutis,</span> 
     </span>
     <span class='ocr_line' id='line_1_26' title="bbox 178 3554 1259 3652; baseline 0.007 -24"><span class='ocrx_word' id='word_1_188' title='bbox 178 3580 222 3629; x_wconf 87' lang='lat' dir='ltr'>cx</span> <span class='ocrx_word' id='word_1_189' title='bbox 247 3554 375 3652; x_wconf 90' lang='lat' dir='ltr'>quibus</span> <span class='ocrx_word' id='word_1_190' title='bbox 400 3558 462 3626; x_wconf 90' lang='lat' dir='ltr'>vel</span> <span class='ocrx_word' id='word_1_191' title='bbox 478 3565 619 3632; x_wconf 88' lang='lat' dir='ltr'>crescat</span> <span class='ocrx_word' id='word_1_192' title='bbox 635 3560 695 3631; x_wconf 85' lang='lat' dir='ltr'>vel</span> <span class='ocrx_word' id='word_1_193' title='bbox 714 3557 921 3652; x_wconf 82' lang='lat' dir='ltr'>decrescat,</span> <span class='ocrx_word' id='word_1_194' title='bbox 947 3560 1015 3631; x_wconf 87' lang='lat' dir='ltr'>sed</span> <span class='ocrx_word' id='word_1_195' title='bbox 1031 3557 1077 3630; x_wconf 86' lang='lat' dir='ltr'>ad</span> <span class='ocrx_word' id='word_1_196' title='bbox 1094 3558 1259 3637; x_wconf 81' lang='lat' dir='ltr'>easdem.</span> 
     </span>
     <span class='ocr_line' id='line_1_27' title="bbox 179 3672 1261 3777; baseline 0 -28"><span class='ocrx_word' id='word_1_197' title='bbox 179 3678 262 3749; x_wconf 88' lang='lat' dir='ltr'>Inde</span> <span class='ocrx_word' id='word_1_198' title='bbox 289 3673 518 3749; x_wconf 90' lang='lat' dir='ltr'>scribendum</span> <span class='ocrx_word' id='word_1_199' title='bbox 544 3680 708 3777; x_wconf 85' lang='lat' dir='ltr'>suspicor</span> <span class='ocrx_word' id='word_1_200' title='bbox 733 3672 1004 3777; x_wconf 62' lang='lat' dir='ltr'>arpocration?</span> <span class='ocrx_word' id='word_1_201' title='bbox 1029 3678 1074 3753; x_wconf 75' lang='lat' dir='ltr'>dr</span> <span class='ocrx_word' id='word_1_202' title='bbox 1098 3685 1158 3756; x_wconf 84' lang='lat' dir='ltr'>vel</span> <span class='ocrx_word' id='word_1_203' title='bbox 1183 3686 1261 3750; x_wconf 76' lang='grc' dir='ltr'>καὶ</span> 
     </span>
     <span class='ocr_line' id='line_1_28' title="bbox 179 3789 1260 3901; baseline 0.005 -34"><span class='ocrx_word' id='word_1_204' title='bbox 179 3798 283 3892; x_wconf 77' lang='grc' dir='ltr'><em>πρὸς</em></span> <span class='ocrx_word' id='word_1_205' title='bbox 313 3789 464 3867; x_wconf 72' lang='grc' dir='ltr'><strong><em>ταῦτα.</em></strong></span> <span class='ocrx_word' id='word_1_206' title='bbox 532 3795 695 3871; x_wconf 87' lang='lat' dir='ltr'>Eandem</span> <span class='ocrx_word' id='word_1_207' title='bbox 726 3822 804 3872; x_wconf 90' lang='lat' dir='ltr'>rem</span> <span class='ocrx_word' id='word_1_208' title='bbox 835 3802 948 3901; x_wconf 84' lang='lat' dir='ltr'>prope</span> <span class='ocrx_word' id='word_1_209' title='bbox 980 3802 1108 3875; x_wconf 88' lang='lat' dir='ltr'>iisdem</span> <span class='ocrx_word' id='word_1_210' title='bbox 1139 3796 1260 3872; x_wconf 85' lang='lat' dir='ltr'>verbis</span> 
     </span>
     <span class='ocr_line' id='line_1_29' title="bbox 180 3912 1260 4017; baseline 0 -26"><span class='ocrx_word' id='word_1_211' title='bbox 180 3916 325 4011; x_wconf 87' lang='lat' dir='ltr'>exponit</span> <span class='ocrx_word' id='word_1_212' title='bbox 355 3917 570 3991; x_wconf 84' lang='lat' dir='ltr'>Aristoteles</span> <span class='ocrx_word' id='word_1_213' title='bbox 607 3918 650 3993; x_wconf 90' lang='lat' dir='ltr'>E.</span> <span class='ocrx_word' id='word_1_214' title='bbox 676 3919 720 3993; x_wconf 93' lang='lat' dir='ltr'>N.</span> <span class='ocrx_word' id='word_1_215' title='bbox 746 3921 798 4017; x_wconf 82' lang='grc' dir='ltr'>Π,</span> <span class='ocrx_word' id='word_1_216' title='bbox 825 3922 859 3995; x_wconf 79' lang='grc'>2.</span> <span class='ocrx_word' id='word_1_217' title='bbox 891 3946 925 4017; x_wconf 93' lang='lat' dir='ltr'>p.</span> <span class='ocrx_word' id='word_1_218' title='bbox 955 3917 1140 3993; x_wconf 60' lang='lat' dir='ltr'>lion-27.</span> <span class='ocrx_word' id='word_1_219' title='bbox 1180 3912 1260 3994; x_wconf 75' lang='grc' dir='ltr'>ἄλλ’</span> 
     </span>
     <span class='ocr_line' id='line_1_30' title="bbox 183 4033 1262 4135; baseline 0.003 -26"><span class='ocrx_word' id='word_1_220' title='bbox 183 4033 222 4111; x_wconf 81' lang='lat' dir='ltr'>od</span> <span class='ocrx_word' id='word_1_221' title='bbox 245 4038 358 4130; x_wconf 84' lang='grc' dir='ltr'><strong><em>μόνον</em></strong></span> <span class='ocrx_word' id='word_1_222' title='bbox 384 4036 421 4109; x_wconf 72' lang='grc' dir='ltr'>αἱ</span> <span class='ocrx_word' id='word_1_223' title='bbox 438 4046 603 4129; x_wconf 71' lang='grc' dir='ltr'><strong><em>γενέσεις</em></strong></span> <span class='ocrx_word' id='word_1_224' title='bbox 625 4046 686 4111; x_wconf 76' lang='grc' dir='ltr'>καὶ</span> <span class='ocrx_word' id='word_1_225' title='bbox 710 4040 748 4113; x_wconf 73' lang='grc' dir='ltr'>αἱ</span> <span class='ocrx_word' id='word_1_226' title='bbox 774 4035 934 4133; x_wconf 66' lang='grc' dir='ltr'><strong><em>αὐξήσεις</em></strong></span> <span class='ocrx_word' id='word_1_227' title='bbox 956 4049 1018 4114; x_wconf 76' lang='grc' dir='ltr'>καὶ</span> <span class='ocrx_word' id='word_1_228' title='bbox 1050 4037 1088 4109; x_wconf 67' lang='grc' dir='ltr'>αἱ</span> <span class='ocrx_word' id='word_1_229' title='bbox 1121 4039 1262 4135; x_wconf 73' lang='grc' dir='ltr'><strong><em>φθοραὶ</em></strong></span> 
     </span>
     <span class='ocr_line' id='line_1_31' title="bbox 185 4151 1262 4254; baseline 0.005 -26"><span class='ocrx_word' id='word_1_230' title='bbox 185 4158 220 4229; x_wconf 74' lang='grc' dir='ltr'>ἐκ</span> <span class='ocrx_word' id='word_1_231' title='bbox 253 4163 322 4229; x_wconf 73' lang='grc' dir='ltr'><strong><em>τοῖν</em></strong></span> <span class='ocrx_word' id='word_1_232' title='bbox 357 4151 473 4231; x_wconf 73' lang='grc' dir='ltr'><strong><em>αὐτῶν</em></strong></span> <span class='ocrx_word' id='word_1_233' title='bbox 507 4167 569 4233; x_wconf 72' lang='grc' dir='ltr'>καὶ</span> <span class='ocrx_word' id='word_1_234' title='bbox 602 4157 670 4232; x_wconf 75' lang='grc' dir='ltr'>ὑπὸ</span> <span class='ocrx_word' id='word_1_235' title='bbox 705 4164 774 4232; x_wconf 82' lang='grc' dir='ltr'>τῶν</span> <span class='ocrx_word' id='word_1_236' title='bbox 809 4157 927 4237; x_wconf 69' lang='grc' dir='ltr'><strong><em>αὐτῶν</em></strong></span> <span class='ocrx_word' id='word_1_237' title='bbox 958 4172 1135 4254; x_wconf 80' lang='grc' dir='ltr'><strong><em>γίνονται,</em></strong></span> <span class='ocrx_word' id='word_1_238' title='bbox 1169 4154 1262 4236; x_wconf 70' lang='grc' dir='ltr'>ἀλλὰ</span> 
     </span>
    </p>
   </div>
   <div class='ocr_carea' id='block_1_3' title="bbox 0 0 1617 4975">
    <p class='ocr_par' dir='ltr' id='par_1_4' title="bbox 0 0 1617 4975">
     <span class='ocr_line' id='line_1_32' title="bbox 0 0 1617 4975; baseline 0 0"><span class='ocrx_word' id='word_1_239' title='bbox 0 0 1617 4975; x_wconf 95' lang='lat' dir='ltr'> </span> 
     </span>
    </p>
   </div>
  </div>
 </body>
</html>
