3200 4975
324 515 367 588 14

320 709 398 774 arte
429 701 601 776 cohaeret
637 721 719 774 oum
744 698 950 775 Aristotelis
977 703 1161 797 cogitandi
1187 724 1239 778 ac·
1257 710 1433 805 philoso-

320 821 452 919 phandi
485 823 644 916 ratione,
684 830 724 894 ut
758 844 839 895 eam
871 826 1058 896 transiisse
1092 824 1137 895 ad
1164 827 1346 902 auditores
1387 843 1436 904 et

320 947 481 1018 scholam
506 943 782 1040 Peripateticum
810 966 885 1017 non
908 947 1029 1042 possis
1053 948 1184 1018 mirari.
1254 950 1436 1047 Exposui

320 1065 365 1140 de
385 1066 453 1138 hoo
472 1066 748 1140 enunciatorum
765 1061 901 1160 genere
923 1068 962 1137 in
977 1057 1130 1141 Ob'serv.
1150 1071 1227 1141 crit.
1247 1071 1294 1142 ad
1306 1073 1430 1148 Arist.

317 1186 407 1260 Met.
421 1209 456 1283 p.
472 1185 637 1276 32-383
671 1187 755 1258 inde
774 1188 844 1257 huc
866 1188 1050 1282 pertinent
1071 1191 1266 1285 praecipue
1293 1195 1430 1266 ealon-

317 1311 458 1405 giorum
476 1307 764 1405 propositionum
782 1311 959 1402 exempta,
979 1329 1128 1401 quarum
1146 1313 1316 1405 apodosis
1335 1335 1428 1409 par-

318 1433 465 1503 ticulam
482 1423 545 1499 οῧν
560 1426 679 1500 habet.
698 1467 748 1480 —
765 1421 859 1500 Tres
882 1430 972 1500 alios
989 1426 1207 1522 Magnorum
1224 1433 1429 1507 Moralium

319 1555 424 1624 locos
457 1548 618 1624 breviter
650 1551 874 1646 significasse
908 1549 1081 1642 sufficiet,
1121 1554 1290 1647 quoniam
1305 1565 1428 1628 recta

270 1728 272 1732 .
320 1671 564 1768 distinguendi
581 1675 672 1744 ratio
690 1673 762 1742 iam
779 1693 801 1746 a
820 1669 1037 1744 Casaubono
1055 1673 1217 1746 institute
1234 1685 1301 1772 est,
1319 1679 1424 1750 unde

315 1796 354 1867 in
381 1794 438 1870 ed.
465 1792 625 1864 Tauchu.
653 1789 803 1866 transiit.
856 1791 887 1889 1,
914 1790 973 1864 23.
1001 1818 1035 1889 p.
1068 1785 1366 1868 11911230-36.
1397 1820 1424 1870 a

317 1913 439 1990 verbis
458 1910 576 2006 ἐπειδὴ
593 1915 665 2013 γὰρ
683 1935 799 2010 usquc
817 1913 864 1985 ad
881 1911 995 1989 verba
1020 1918 1132 2013 πρᾶος
1146 1919 1208 1985 καὶ
1234 1913 1423 1996 inornatos

318 2036 449 2112 eadem
477 2044 534 2107 est
560 2034 806 2108 continuanda
833 2040 1064 2126 enunciati03
1111 2027 1265 2133 protasis
1298 2040 1416 2131 expli-

316 2154 519 2231 cationibus
552 2149 754 2252 intercepta
786 2154 980 2230 resumitur
1013 2177 1079 2248 per
1111 2147 1305 2246 particulas
1339 2154 1418 2229 ἐπεὶ
1474 2128 1475 2149 ¹

317 2288 453 2366 sotrum
474 2275 646 2374 apodosis
673 2280 879 2352 continetur
902 2271 1025 2349 verbis
1052 2270 1073 2340 ὁ
1098 2276 1418 2361 aecor-suam-

317 2402 387 2479 τός.
426 2397 518 2472 Item
545 2399 580 2493 Ι,
609 2398 666 2469 34.
694 2415 730 2494 Ρ.
761 2393 986 2468 trouu-4.
1015 2395 1115 2461 recte
1143 2388 1311 2463 distincta
1328 2403 1415 2466 sunt
1474 2460 1475 2467 ,

317 2546 340 2595 a
358 2520 595 2613 Casauboru,
622 2520 684 2613 qui
702 2534 747 2589 aa
762 2519 801 2587 in
827 2506 945 2589 unum‘
963 2499 1196 2585 enunciatum
1213 2516 1413 2611 coniungit,
1474 2503 1475 2528 ¹

315 2644 409 2717 falso
427 2664 449 2715 a
465 2640 652 2733 Bekkem,
679 2635 841 2731 quiante
860 2632 888 2705 ‹i-
899 2632 937 2706 at
954 2635 1071 2726 nopae
1090 2643 1227 2731 puncto
1251 2638 1412 2707 maximo

314 2764 505 2851 intercidit.
557 2756 732 2832 Nimirum
759 2753 780 2826 ὅ
807 2754 845 2828 δὲ
869 2758 981 2850 νόμος
1004 2746 1156 2828 alterum
1183 2763 1240 2829 est
1255 2757 1412 2853 protasis

314 2884 573 2961 membruma
604 2879 783 2975 particula
812 2875 847 2949 ai
875 2898 1047 2973 exorsae,
1088 2876 1259 2973 apodosis
1289 2886 1412 2974 autem

316 3002 523 3103 incipienda
539 2996 699 3074 a'verbis
717 2995 745 3078 ὅ,
757 2994 841 3097 ἄρα.
879 2998 1047 3095 Denique
1065 2999 1116 3095 ΙΙ,
1134 2998 1190 3071 ll.
1208 2991 1243 3095 p.
1263 2997 1409 3071 121027.
1474 3049 1475 3078 t

314 3126 538 3227 probandum
556 3130 624 3217 est,
651 3120 748 3215 quod
767 3118 1003 3195 Casaubonus
1021 3141 1096 3193 non
1113 3129 1196 3193 ante
1224 3117 1319 3191 ἔστιν
1335 3114 1410 3208 οὖν,
1474 3187 1476 3226 ‚

315 3248 394 3324 sed‘
407 3254 490 3351 post
516 3238 706 3340 ἀμφότερα
730 3244 837 3338 plene
856 3240 1053 3329 ¹dis'tinuit3'
1079 3241 1217 3314 orditur
1242 3242 1340 3312 euim
1365 3238 1408 3311 ab

315 3371 410 3443 ’ἔστιν
427 3350 489 3438 oti
500 3364 695 3461 ‘apodosim
721 3364 921 3459 eademque
940 3371 998 3435 cst
1014 3364 1278 3437 enunciationis
1294 3363 1409 3435 forma
1474 3419 1475 3422 ,

315 3513 359 3564 ac
376 3512 411 3587 p.
434 3482 599 3561 rauthan
626 3506 677 3582 sq.
698 3512 700 3519 ’
731 3484 870 3559 Pariter
886 3484 924 3554 in
940 3483 1128 3556 Eudemiis
1146 3482 1285 3556 Ethicis
1301 3482 1355 3575 ΙΙ,
1373 3480 1405 3551 4.
1474 3491 1476 3564 t

315 3638 349 3711 p.
359 3606 621 3684 ‘larunt-234.
635 3626 761 3683 veram
774 3602 1018 3699 distinguendi
1037 3596 1214 3678 rationem
1226 3601 1407 3696 praecepit
1474 3599 1475 3658 t

316 3732 570 3828 Casaubouus‚
597 3751 718 3827 =quem
751 3735 879 3800 secuta
915 3734 972 3800 est
1003 3726 1060 3800 ed.
1094 3722 1275 3818 Tauchn,
1313 3718 1405 3817 quod
1474 3725 1475 3746 ¹

316 3862 431 3953 usque
458 3853 504 3927 ad
529 3857 592 3923 aot
616 3852 731 3928 λύπας
755 3848 909 3921 eandem
935 3845 1161 3919 continuavit
1187 3842 1403 3915 enunciatio-
1473 3779 1476 3920 Ι

315 4000 417 4074 nem,
443 3997 528 4049 nect
541 3970 695 4046 debebat
717 3969 906 4046 Bekkerus
932 3972 1016 4041 ante
1042 3957 1182 4057 ἀνάγκη
1208 3961 1253 4057 δη·
1275 3963 1403 4060 puncto'

315 4101 472 4172 maximo
505 4094 734 4168 intercidere.
800 4089 946 4164 Orditur
979 4090 1076 4163 enim
1109 4085 1154 4157 ab
1191 4079 1331 4175 ἀνάγκη
1364 4082 1404 4176 δὴ

316 4220 504 4317 apodosis‚
531 4237 638 4315 ·quae
670 4211 883 4308 saepissima
915 4208 960 4279 ab
1000 4202 1160 4301 drapum
1199 4200 1401 4297 ἀναγκαῖον,
