<?xml version="1.0" encoding="UTF-8"?>
<!DOCTYPE html PUBLIC "-//W3C//DTD XHTML 1.0 Transitional//EN"
    "http://www.w3.org/TR/xhtml1/DTD/xhtml1-transitional.dtd">
<html xmlns="http://www.w3.org/1999/xhtml" xml:lang="en" lang="en">
 <head>
  <title>
</title>
<meta http-equiv="Content-Type" content="text/html;charset=utf-8" />
  <meta name='ocr-system' content='tesseract 3.04.00' />
  <meta name='ocr-capabilities' content='ocr_page ocr_carea ocr_par ocr_line ocrx_word'/>
</head>
<body>
  <div class='ocr_page' id='page_1' title='image "./observationescr02bonigoog_0061.png"; bbox 0 0 3200 4975; ppageno 0'>
   <div class='ocr_carea' id='block_1_1' title="bbox 1225 477 1271 549">
    <p class='ocr_par' dir='ltr' id='par_1_1' title="bbox 1225 477 1271 549">
     <span class='ocr_line' id='line_1_1' title="bbox 1225 477 1271 549; baseline 0 0"><span class='ocrx_word' id='word_1_1' title='bbox 1225 477 1271 549; x_wconf 82' lang='lat'>57</span> 
     </span>
    </p>
   </div>
   <div class='ocr_carea' id='block_1_2' title="bbox 165 663 1286 3517">
    <p class='ocr_par' dir='ltr' id='par_1_2' title="bbox 180 663 1280 1841">
     <span class='ocr_line' id='line_1_2' title="bbox 182 663 1276 760; baseline -0.003 -25"><span class='ocrx_word' id='word_1_2' title='bbox 182 669 303 760; x_wconf 89' lang='lat' dir='ltr'>ipsmn</span> <span class='ocrx_word' id='word_1_3' title='bbox 330 665 509 734; x_wconf 88' lang='lat' dir='ltr'>hominem</span> <span class='ocrx_word' id='word_1_4' title='bbox 534 663 687 756; x_wconf 81' lang='lat' dir='ltr'><strong>scriptor</strong></span> <span class='ocrx_word' id='word_1_5' title='bbox 705 663 891 734; x_wconf 83' lang='lat' dir='ltr'><strong>transitum</strong></span> <span class='ocrx_word' id='word_1_6' title='bbox 907 669 1028 757; x_wconf 84' lang='lat' dir='ltr'>paret,</span> <span class='ocrx_word' id='word_1_7' title='bbox 1053 664 1168 733; x_wconf 86' lang='lat' dir='ltr'>attero</span> <span class='ocrx_word' id='word_1_8' title='bbox 1192 664 1276 732; x_wconf 92' lang='lat' dir='ltr'>loco</span> 
     </span>
     <span class='ocr_line' id='line_1_3' title="bbox 184 776 1275 880; baseline -0.002 -24"><span class='ocrx_word' id='word_1_9' title='bbox 184 807 252 880; x_wconf 84' lang='lat' dir='ltr'>pro</span> <span class='ocrx_word' id='word_1_10' title='bbox 279 779 402 878; x_wconf 83' lang='grc' dir='ltr'><strong><em>ὥσπερ</em></strong></span> <span class='ocrx_word' id='word_1_11' title='bbox 427 780 655 853; x_wconf 89' lang='lat' dir='ltr'>scribendum</span> <span class='ocrx_word' id='word_1_12' title='bbox 681 788 738 852; x_wconf 89' lang='lat' dir='ltr'>est</span> <span class='ocrx_word' id='word_1_13' title='bbox 762 776 866 852; x_wconf 74' lang='grc' dir='ltr'><em>οὕτω.</em></span> <span class='ocrx_word' id='word_1_14' title='bbox 929 782 1053 876; x_wconf 81' lang='lat' dir='ltr'>ltaque</span> <span class='ocrx_word' id='word_1_15' title='bbox 1078 781 1275 854; x_wconf 86' lang='lat' dir='ltr'>videndum</span> 
     </span>
     <span class='ocr_line' id='line_1_4' title="bbox 183 899 1274 976; baseline -0.004 0"><span class='ocrx_word' id='word_1_16' title='bbox 183 927 234 976; x_wconf 87' lang='lat' dir='ltr'>an</span> <span class='ocrx_word' id='word_1_17' title='bbox 268 907 365 976; x_wconf 88' lang='lat' dir='ltr'>hunc</span> <span class='ocrx_word' id='word_1_18' title='bbox 394 902 472 974; x_wconf 84' lang='lat' dir='ltr'>fere</span> <span class='ocrx_word' id='word_1_19' title='bbox 505 903 544 972; x_wconf 88' lang='lat' dir='ltr'>in</span> <span class='ocrx_word' id='word_1_20' title='bbox 577 899 724 972; x_wconf 90' lang='lat' dir='ltr'>modum</span> <span class='ocrx_word' id='word_1_21' title='bbox 758 903 880 974; x_wconf 91' lang='lat' dir='ltr'>locum</span> <span class='ocrx_word' id='word_1_22' title='bbox 911 902 1106 974; x_wconf 86' lang='lat' dir='ltr'>emendare</span> <span class='ocrx_word' id='word_1_23' title='bbox 1144 904 1274 975; x_wconf 90' lang='lat' dir='ltr'>liceat:</span> 
     </span>
     <span class='ocr_line' id='line_1_5' title="bbox 187 1016 1278 1120; baseline -0.003 -25"><span class='ocrx_word' id='word_1_24' title='bbox 187 1023 271 1095; x_wconf 76' lang='grc' dir='ltr'><strong><em>ἐπεὶ</em></strong></span> <span class='ocrx_word' id='word_1_25' title='bbox 295 1016 355 1094; x_wconf 75' lang='grc' dir='ltr'>οὖν</span> <span class='ocrx_word' id='word_1_26' title='bbox 377 1022 422 1092; x_wconf 75' lang='grc' dir='ltr'>νεὶ</span> <span class='ocrx_word' id='word_1_27' title='bbox 447 1016 579 1113; x_wconf 74' lang='grc' dir='ltr'><em>ἀγαθὰ</em></span> <span class='ocrx_word' id='word_1_28' title='bbox 604 1022 815 1110; x_wconf 77' lang='grc' dir='ltr'><strong><em>πλεοναχῶς</em></strong></span> <span class='ocrx_word' id='word_1_29' title='bbox 844 1021 909 1114; x_wconf 75' lang='lat' dir='ltr'>(ui</span> <span class='ocrx_word' id='word_1_30' title='bbox 935 1026 1004 1115; x_wconf 70' lang='grc' dir='ltr'>μὲν</span> <span class='ocrx_word' id='word_1_31' title='bbox 1028 1021 1177 1120; x_wconf 77' lang='grc' dir='ltr'><strong><em>γὰρτῷ</em></strong></span> <span class='ocrx_word' id='word_1_32' title='bbox 1200 1045 1278 1092; x_wconf 75' lang='grc' dir='ltr'><strong><em>τοι·</em></strong></span> 
     </span>
     <span class='ocr_line' id='line_1_6' title="bbox 188 1133 1279 1238; baseline -0.001 -25"><span class='ocrx_word' id='word_1_33' title='bbox 188 1142 263 1214; x_wconf 69' lang='grc' dir='ltr'>ὄνθ’</span> <span class='ocrx_word' id='word_1_34' title='bbox 285 1137 374 1213; x_wconf 77' lang='grc' dir='ltr'><strong><em>εἶναι</em></strong></span> <span class='ocrx_word' id='word_1_35' title='bbox 399 1144 557 1234; x_wconf 75' lang='grc' dir='ltr'>λέγομεν</span> <span class='ocrx_word' id='word_1_36' title='bbox 587 1133 752 1232; x_wconf 73' lang='grc' dir='ltr'><strong><em>ἀγαθόν,</em></strong></span> <span class='ocrx_word' id='word_1_37' title='bbox 789 1140 832 1212; x_wconf 76' lang='grc' dir='ltr'>τό</span> <span class='ocrx_word' id='word_1_38' title='bbox 863 1139 902 1214; x_wconf 76' lang='lat' dir='ltr'>tt</span> <span class='ocrx_word' id='word_1_39' title='bbox 925 1145 978 1238; x_wconf 76' lang='grc' dir='ltr'>τῷ</span> <span class='ocrx_word' id='word_1_40' title='bbox 1007 1133 1195 1235; x_wconf 69' lang='grc' dir='ltr'>ὠφέλιμον</span> <span class='ocrx_word' id='word_1_41' title='bbox 1218 1146 1279 1212; x_wconf 73' lang='grc' dir='ltr'>καὶ</span> 
     </span>
     <span class='ocr_line' id='line_1_7' title="bbox 180 1255 1278 1360; baseline -0.002 -26"><span class='ocrx_word' id='word_1_42' title='bbox 180 1263 394 1360; x_wconf 80' lang='grc' dir='ltr'><strong><em>χρήσιμον),</em></strong></span> <span class='ocrx_word' id='word_1_43' title='bbox 421 1259 484 1331; x_wconf 75' lang='grc' dir='ltr'>ἔτι</span> <span class='ocrx_word' id='word_1_44' title='bbox 510 1259 555 1334; x_wconf 77' lang='grc' dir='ltr'>δὲ</span> <span class='ocrx_word' id='word_1_45' title='bbox 579 1259 620 1332; x_wconf 78' lang='grc' dir='ltr'>τό</span> <span class='ocrx_word' id='word_1_46' title='bbox 647 1257 713 1352; x_wconf 68' lang='grc' dir='ltr'>ἡδο)</span> <span class='ocrx_word' id='word_1_47' title='bbox 736 1258 778 1332; x_wconf 72' lang='lat' dir='ltr'>sti</span> <span class='ocrx_word' id='word_1_48' title='bbox 803 1265 874 1354; x_wconf 70' lang='grc' dir='ltr'>μὲν</span> <span class='ocrx_word' id='word_1_49' title='bbox 889 1258 1018 1338; x_wconf 76' lang='grc' dir='ltr'><em>ἅπλῶς</em></span> <span class='ocrx_word' id='word_1_50' title='bbox 1040 1267 1102 1332; x_wconf 81' lang='grc' dir='ltr'>καὶ</span> <span class='ocrx_word' id='word_1_51' title='bbox 1127 1255 1278 1353; x_wconf 73' lang='grc' dir='ltr'><strong><em>ἀγαθὸν</em></strong></span> 
     </span>
     <span class='ocr_line' id='line_1_8' title="bbox 184 1374 1280 1480; baseline 0.001 -27"><span class='ocrx_word' id='word_1_52' title='bbox 184 1381 325 1470; x_wconf 78' lang='grc' dir='ltr'>ἅπλῶς,</span> <span class='ocrx_word' id='word_1_53' title='bbox 350 1382 392 1451; x_wconf 84' lang='grc' dir='ltr'>τὸ</span> <span class='ocrx_word' id='word_1_54' title='bbox 416 1379 545 1454; x_wconf 73' lang='grc' dir='ltr'><strong><em>δὲτινὶ</em></strong></span> <span class='ocrx_word' id='word_1_55' title='bbox 569 1375 591 1472; x_wconf 79' lang='grc' dir='ltr'>ἢ</span> <span class='ocrx_word' id='word_1_56' title='bbox 615 1384 707 1458; x_wconf 78' lang='grc' dir='ltr'>’πῶς</span> <span class='ocrx_word' id='word_1_57' title='bbox 731 1384 949 1474; x_wconf 78' lang='grc' dir='ltr'><strong><em>φαινόμενον</em></strong></span> <span class='ocrx_word' id='word_1_58' title='bbox 965 1374 1134 1473; x_wconf 70' lang='grc' dir='ltr'><strong><em>ἀγαθόν·</em></strong></span> <span class='ocrx_word' id='word_1_59' title='bbox 1160 1376 1280 1480; x_wconf 76' lang='grc' dir='ltr'><strong><em>ὥσπερ</em></strong></span> 
     </span>
     <span class='ocr_line' id='line_1_9' title="bbox 184 1496 1280 1596; baseline -0.002 -22"><span class='ocrx_word' id='word_1_60' title='bbox 184 1509 249 1574; x_wconf 78' lang='grc' dir='ltr'>καὶ</span> <span class='ocrx_word' id='word_1_61' title='bbox 288 1501 346 1574; x_wconf 76' lang='grc' dir='ltr'>ἐπὶ</span> <span class='ocrx_word' id='word_1_62' title='bbox 384 1506 456 1574; x_wconf 71' lang='grc' dir='ltr'>τῶν</span> <span class='ocrx_word' id='word_1_63' title='bbox 490 1496 647 1596; x_wconf 78' lang='grc' dir='ltr'><strong><em>ἄψύχων</em></strong></span> <span class='ocrx_word' id='word_1_64' title='bbox 682 1501 726 1572; x_wconf 76' lang='grc' dir='ltr'>δι’</span> <span class='ocrx_word' id='word_1_65' title='bbox 760 1499 911 1572; x_wconf 69' lang='grc' dir='ltr'>ἑκαστον</span> <span class='ocrx_word' id='word_1_66' title='bbox 940 1498 1077 1574; x_wconf 74' lang='grc' dir='ltr'><strong><em>τούτων</em></strong></span> <span class='ocrx_word' id='word_1_67' title='bbox 1101 1499 1280 1593; x_wconf 61' lang='grc' dir='ltr'><strong><em>ἐνδέχεται</em></strong></span> 
     </span>
     <span class='ocr_line' id='line_1_10' title="bbox 186 1613 1280 1722; baseline 0.002 -30"><span class='ocrx_word' id='word_1_68' title='bbox 186 1622 285 1716; x_wconf 78' lang='grc' dir='ltr'><strong><em>ἡμᾶς</em></strong></span> <span class='ocrx_word' id='word_1_69' title='bbox 315 1619 501 1722; x_wconf 77' lang='grc' dir='ltr'><strong><em>αἱρεῖσθαί</em></strong></span> <span class='ocrx_word' id='word_1_70' title='bbox 521 1645 575 1708; x_wconf 78' lang='grc' dir='ltr'>τι,</span> <span class='ocrx_word' id='word_1_71' title='bbox 614 1613 728 1694; x_wconf 67' lang='grc' dir='ltr'><strong><em>οὕτω</em></strong></span> <span class='ocrx_word' id='word_1_72' title='bbox 757 1625 821 1690; x_wconf 78' lang='grc' dir='ltr'>καλ</span> <span class='ocrx_word' id='word_1_73' title='bbox 852 1615 1071 1718; x_wconf 71' lang='grc' dir='ltr'><strong><em>ἄνθρωπον·</em></strong></span> <span class='ocrx_word' id='word_1_74' title='bbox 1115 1622 1178 1694; x_wconf 81' lang='grc' dir='ltr'>τὸν</span> <span class='ocrx_word' id='word_1_75' title='bbox 1211 1627 1280 1715; x_wconf 70' lang='grc' dir='ltr'>μὲν</span> 
     </span>
     <span class='ocr_line' id='line_1_11' title="bbox 190 1733 919 1841; baseline -0.003 -29"><span class='ocrx_word' id='word_1_76' title='bbox 190 1743 265 1841; x_wconf 73' lang='grc' dir='ltr'>γὰρ</span> <span class='ocrx_word' id='word_1_77' title='bbox 290 1747 348 1838; x_wconf 76' lang='grc' dir='ltr'>τῷ</span> <span class='ocrx_word' id='word_1_78' title='bbox 371 1738 507 1814; x_wconf 77' lang='grc' dir='ltr'><strong><em>τοιόνδε</em></strong></span> <span class='ocrx_word' id='word_1_79' title='bbox 531 1743 593 1812; x_wconf 78' lang='grc' dir='ltr'>καὶ</span> <span class='ocrx_word' id='word_1_80' title='bbox 618 1737 665 1811; x_wconf 76' lang='grc' dir='ltr'>δι’</span> <span class='ocrx_word' id='word_1_81' title='bbox 689 1733 820 1839; x_wconf 68' lang='grc' dir='ltr'><strong><em>ἀρετήν</em></strong></span> <span class='ocrx_word' id='word_1_82' title='bbox 842 1741 919 1811; x_wconf 81' lang='grc' dir='ltr'><em>κτλ.</em></span> 
     </span>
    </p>

    <p class='ocr_par' dir='ltr' id='par_1_3' title="bbox 165 1859 1286 3517">
     <span class='ocr_line' id='line_1_12' title="bbox 290 1859 1280 1958; baseline -0.003 -22"><span class='ocrx_word' id='word_1_83' title='bbox 290 1863 418 1936; x_wconf 85' lang='lat' dir='ltr'>Plures</span> <span class='ocrx_word' id='word_1_84' title='bbox 447 1865 556 1958; x_wconf 85' lang='lat' dir='ltr'>igitur</span> <span class='ocrx_word' id='word_1_85' title='bbox 587 1868 731 1933; x_wconf 84' lang='lat' dir='ltr'>exstant</span> <span class='ocrx_word' id='word_1_86' title='bbox 759 1862 937 1933; x_wconf 80' lang='lat' dir='ltr'>amicitiae</span> <span class='ocrx_word' id='word_1_87' title='bbox 963 1859 1103 1932; x_wconf 76' lang='lat' dir='ltr'>tonnae</span> <span class='ocrx_word' id='word_1_88' title='bbox 1129 1881 1173 1932; x_wconf 88' lang='lat' dir='ltr'>ac</span> <span class='ocrx_word' id='word_1_89' title='bbox 1199 1884 1280 1958; x_wconf 87' lang='lat' dir='ltr'>spc-</span> 
     </span>
     <span class='ocr_line' id='line_1_13' title="bbox 188 1980 1280 2078; baseline 0.002 -25"><span class='ocrx_word' id='word_1_90' title='bbox 188 1985 285 2078; x_wconf 87' lang='lat' dir='ltr'>cics‚</span> <span class='ocrx_word' id='word_1_91' title='bbox 334 2004 428 2078; x_wconf 88' lang='lat' dir='ltr'>quae</span> <span class='ocrx_word' id='word_1_92' title='bbox 465 2001 586 2074; x_wconf 83' lang='lat' dir='ltr'>neque</span> <span class='ocrx_word' id='word_1_93' title='bbox 631 1999 703 2048; x_wconf 87' lang='lat' dir='ltr'>una</span> <span class='ocrx_word' id='word_1_94' title='bbox 739 1980 879 2050; x_wconf 87' lang='lat' dir='ltr'>ratione</span> <span class='ocrx_word' id='word_1_95' title='bbox 917 1981 1280 2078; x_wconf 83' lang='lat' dir='ltr'>comprehenduntur,</span> 
     </span>
     <span class='ocr_line' id='line_1_14' title="bbox 187 2096 1281 2198; baseline -0.001 -23"><span class='ocrx_word' id='word_1_96' title='bbox 187 2123 310 2198; x_wconf 87' lang='lat' dir='ltr'>neque</span> <span class='ocrx_word' id='word_1_97' title='bbox 343 2099 499 2171; x_wconf 87' lang='lat' dir='ltr'>nominis</span> <span class='ocrx_word' id='word_1_98' title='bbox 531 2103 668 2170; x_wconf 84' lang='lat' dir='ltr'>tantum</span> <span class='ocrx_word' id='word_1_99' title='bbox 697 2096 927 2173; x_wconf 81' lang='lat' dir='ltr'>similitudine</span> <span class='ocrx_word' id='word_1_100' title='bbox 960 2101 1056 2172; x_wconf 87' lang='lat' dir='ltr'>inter</span> <span class='ocrx_word' id='word_1_101' title='bbox 1084 2123 1125 2174; x_wconf 90' lang='lat' dir='ltr'>se</span> <span class='ocrx_word' id='word_1_102' title='bbox 1157 2105 1281 2174; x_wconf 89' lang='lat' dir='ltr'>conci·</span> 
     </span>
     <span class='ocr_line' id='line_1_15' title="bbox 189 2216 1281 2317; baseline 0.003 -25"><span class='ocrx_word' id='word_1_103' title='bbox 189 2229 302 2316; x_wconf 81' lang='lat' dir='ltr'>nunt,</span> <span class='ocrx_word' id='word_1_104' title='bbox 342 2218 408 2292; x_wconf 89' lang='lat' dir='ltr'>scd</span> <span class='ocrx_word' id='word_1_105' title='bbox 434 2237 558 2290; x_wconf 87' lang='lat' dir='ltr'>omnes</span> <span class='ocrx_word' id='word_1_106' title='bbox 588 2216 634 2288; x_wconf 89' lang='lat' dir='ltr'>ad</span> <span class='ocrx_word' id='word_1_107' title='bbox 655 2217 855 2312; x_wconf 85' lang='lat' dir='ltr'>principem</span> <span class='ocrx_word' id='word_1_108' title='bbox 884 2220 1076 2291; x_wconf 83' lang='lat' dir='ltr'>amicitiam</span> <span class='ocrx_word' id='word_1_109' title='bbox 1105 2231 1281 2317; x_wconf 85' lang='lat' dir='ltr'>spectant.</span> 
     </span>
     <span class='ocr_line' id='line_1_16' title="bbox 190 2335 1280 2441; baseline 0.001 -29"><span class='ocrx_word' id='word_1_110' title='bbox 190 2341 282 2438; x_wconf 80' lang='grc' dir='ltr'><strong><em>πρὸς</em></strong></span> <span class='ocrx_word' id='word_1_111' title='bbox 303 2347 393 2432; x_wconf 79' lang='grc' dir='ltr'><strong><em>μίαν</em></strong></span> <span class='ocrx_word' id='word_1_112' title='bbox 416 2340 490 2435; x_wconf 76' lang='grc' dir='ltr'>γάρ</span> <span class='ocrx_word' id='word_1_113' title='bbox 523 2358 605 2407; x_wconf 78' lang='grc' dir='ltr'><strong><em>τινα</em></strong></span> <span class='ocrx_word' id='word_1_114' title='bbox 629 2336 796 2426; x_wconf 78' lang='grc' dir='ltr'>λέγονται</span> <span class='ocrx_word' id='word_1_115' title='bbox 821 2341 883 2408; x_wconf 75' lang='grc' dir='ltr'>καὶ</span> <span class='ocrx_word' id='word_1_116' title='bbox 906 2341 1065 2436; x_wconf 78' lang='grc' dir='ltr'><strong><em>πρώτην,</em></strong></span> <span class='ocrx_word' id='word_1_117' title='bbox 1091 2335 1212 2441; x_wconf 78' lang='grc' dir='ltr'><strong><em>ὥσπερ</em></strong></span> <span class='ocrx_word' id='word_1_118' title='bbox 1238 2343 1280 2414; x_wconf 75' lang='grc' dir='ltr'>τὰ</span> 
     </span>
     <span class='ocr_line' id='line_1_17' title="bbox 190 2452 1284 2560; baseline 0.002 -28"><span class='ocrx_word' id='word_1_119' title='bbox 190 2459 363 2560; x_wconf 81' lang='grc' dir='ltr'>ἰατρικόν.</span> <span class='ocrx_word' id='word_1_120' title='bbox 401 2462 464 2528; x_wconf 76' lang='grc' dir='ltr'>καὶ</span> <span class='ocrx_word' id='word_1_121' title='bbox 488 2454 607 2550; x_wconf 75' lang='grc' dir='ltr'><strong><em>ψυχὴν</em></strong></span> <span class='ocrx_word' id='word_1_122' title='bbox 631 2452 791 2554; x_wconf 78' lang='grc' dir='ltr'>ἰατρικὴν</span> <span class='ocrx_word' id='word_1_123' title='bbox 820 2462 883 2528; x_wconf 71' lang='grc' dir='ltr'>καὶ</span> <span class='ocrx_word' id='word_1_124' title='bbox 907 2460 1017 2552; x_wconf 75' lang='grc' dir='ltr'><strong><em>σῶμα</em></strong></span> <span class='ocrx_word' id='word_1_125' title='bbox 1041 2462 1197 2554; x_wconf 75' lang='grc' dir='ltr'>λέγομεν</span> <span class='ocrx_word' id='word_1_126' title='bbox 1220 2468 1284 2534; x_wconf 70' lang='grc' dir='ltr'>καὶ</span> 
     </span>
     <span class='ocr_line' id='line_1_18' title="bbox 192 2570 1281 2678; baseline 0.004 -27"><span class='ocrx_word' id='word_1_127' title='bbox 192 2578 351 2677; x_wconf 82' lang='grc' dir='ltr'><strong><em>ὄργανον</em></strong></span> <span class='ocrx_word' id='word_1_128' title='bbox 371 2583 434 2648; x_wconf 79' lang='grc' dir='ltr'>καὶ</span> <span class='ocrx_word' id='word_1_129' title='bbox 451 2574 569 2674; x_wconf 76' lang='grc' dir='ltr'><strong><em>ἔργον,</em></strong></span> <span class='ocrx_word' id='word_1_130' title='bbox 595 2570 694 2645; x_wconf 71' lang='lat' dir='ltr'>otte</span> <span class='ocrx_word' id='word_1_131' title='bbox 718 2586 847 2677; x_wconf 80' lang='grc' dir='ltr'><strong><em>κυρίως</em></strong></span> <span class='ocrx_word' id='word_1_132' title='bbox 868 2579 909 2651; x_wconf 83' lang='grc' dir='ltr'>τὸ</span> <span class='ocrx_word' id='word_1_133' title='bbox 934 2584 1076 2678; x_wconf 80' lang='grc' dir='ltr'><strong><em>πρῶτον</em></strong></span> <span class='ocrx_word' id='word_1_134' title='bbox 1102 2581 1153 2677; x_wconf 91' lang='lat' dir='ltr'>(p.</span> <span class='ocrx_word' id='word_1_135' title='bbox 1186 2582 1281 2655; x_wconf 77' lang='lat'>1236</span> 
     </span>
     <span class='ocr_line' id='line_1_19' title="bbox 165 2683 1285 2795; baseline 0.006 -24"><span class='ocrx_word' id='word_1_136' title='bbox 165 2699 305 2790; x_wconf 66' lang='lat'>⁴⁸19).</span> <span class='ocrx_word' id='word_1_137' title='bbox 364 2698 407 2771; x_wconf 88' lang='lat' dir='ltr'>In</span> <span class='ocrx_word' id='word_1_138' title='bbox 443 2697 618 2795; x_wconf 89' lang='lat' dir='ltr'>principio</span> <span class='ocrx_word' id='word_1_139' title='bbox 656 2699 803 2771; x_wconf 88' lang='lat' dir='ltr'>alterius</span> <span class='ocrx_word' id='word_1_140' title='bbox 841 2683 1022 2773; x_wconf 79' lang='lat' dir='ltr'>enunciati</span> <span class='ocrx_word' id='word_1_141' title='bbox 1060 2701 1285 2778; x_wconf 88' lang='lat' dir='ltr'>desideratur</span> 
     </span>
     <span class='ocr_line' id='line_1_20' title="bbox 192 2816 1284 2917; baseline 0.005 -25"><span class='ocrx_word' id='word_1_142' title='bbox 192 2821 367 2917; x_wconf 84' lang='lat' dir='ltr'>particula</span> <span class='ocrx_word' id='word_1_143' title='bbox 392 2821 486 2915; x_wconf 73' lang='grc' dir='ltr'>γάρ,</span> <span class='ocrx_word' id='word_1_144' title='bbox 518 2821 580 2888; x_wconf 71' lang='lat' dir='ltr'>aaz</span> <span class='ocrx_word' id='word_1_145' title='bbox 604 2816 690 2916; x_wconf 76' lang='grc' dir='ltr'>γὰρ</span> <span class='ocrx_word' id='word_1_146' title='bbox 715 2818 836 2912; x_wconf 74' lang='grc' dir='ltr'><strong><em>ψυχὴν</em></strong></span> <span class='ocrx_word' id='word_1_147' title='bbox 858 2821 935 2889; x_wconf 88' lang='grc' dir='ltr'><em>κτλ.</em></span> <span class='ocrx_word' id='word_1_148' title='bbox 967 2858 1018 2871; x_wconf 92' lang='grc'>-</span> <span class='ocrx_word' id='word_1_149' title='bbox 1047 2821 1138 2892; x_wconf 89' lang='lat' dir='ltr'>Illud</span> <span class='ocrx_word' id='word_1_150' title='bbox 1162 2833 1284 2897; x_wconf 87' lang='lat' dir='ltr'>autem</span> 
     </span>
     <span class='ocr_line' id='line_1_21' title="bbox 192 2937 1283 3038; baseline 0.004 -28"><span class='ocrx_word' id='word_1_151' title='bbox 192 2942 337 3037; x_wconf 74' lang='grc' dir='ltr'><strong><em>πρῶτον</em></strong></span> <span class='ocrx_word' id='word_1_152' title='bbox 366 2941 471 3034; x_wconf 83' lang='lat' dir='ltr'>quale</span> <span class='ocrx_word' id='word_1_153' title='bbox 497 2938 545 3009; x_wconf 90' lang='lat' dir='ltr'>sit</span> <span class='ocrx_word' id='word_1_154' title='bbox 568 2938 741 3032; x_wconf 84' lang='lat' dir='ltr'>proximis</span> <span class='ocrx_word' id='word_1_155' title='bbox 766 2937 889 3012; x_wconf 82' lang='lat' dir='ltr'>verbis</span> <span class='ocrx_word' id='word_1_156' title='bbox 913 2941 1146 3035; x_wconf 90' lang='lat' dir='ltr'>philosophus</span> <span class='ocrx_word' id='word_1_157' title='bbox 1171 2946 1283 3038; x_wconf 82' lang='lat' dir='ltr'>expli-</span> 
     </span>
     <span class='ocr_line' id='line_1_22' title="bbox 193 3049 1285 3158; baseline -0.001 -27"><span class='ocrx_word' id='word_1_158' title='bbox 193 3068 270 3157; x_wconf 77' lang='lat' dir='ltr'>cat,</span> <span class='ocrx_word' id='word_1_159' title='bbox 296 3062 441 3156; x_wconf 80' lang='grc' dir='ltr'><strong><em>πρῶτον</em></strong></span> <span class='ocrx_word' id='word_1_160' title='bbox 467 3054 498 3128; x_wconf 77' lang='grc' dir='ltr'>δ’</span> <span class='ocrx_word' id='word_1_161' title='bbox 523 3049 566 3127; x_wconf 80' lang='lat' dir='ltr'>oi</span> <span class='ocrx_word' id='word_1_162' title='bbox 590 3053 700 3149; x_wconf 79' lang='grc' dir='ltr'><strong><em>λόγος</em></strong></span> <span class='ocrx_word' id='word_1_163' title='bbox 724 3056 765 3129; x_wconf 80' lang='grc' dir='ltr'>ἐν</span> <span class='ocrx_word' id='word_1_164' title='bbox 790 3056 896 3151; x_wconf 77' lang='grc' dir='ltr'><strong><em>ἡμῖν</em></strong></span> <span class='ocrx_word' id='word_1_165' title='bbox 920 3056 1085 3158; x_wconf 79' lang='grc' dir='ltr'>ὑπάρχει.</span> <span class='ocrx_word' id='word_1_166' title='bbox 1135 3061 1186 3134; x_wconf 88' lang='lat' dir='ltr'>At</span> <span class='ocrx_word' id='word_1_167' title='bbox 1210 3086 1285 3134; x_wconf 90' lang='lat' dir='ltr'>non</span> 
     </span>
     <span class='ocr_line' id='line_1_23' title="bbox 195 3179 1285 3278; baseline 0.006 -29"><span class='ocrx_word' id='word_1_168' title='bbox 195 3181 234 3249; x_wconf 90' lang='lat' dir='ltr'>in</span> <span class='ocrx_word' id='word_1_169' title='bbox 258 3200 304 3251; x_wconf 89' lang='lat' dir='ltr'>eo</span> <span class='ocrx_word' id='word_1_170' title='bbox 330 3180 491 3251; x_wconf 86' lang='lat' dir='ltr'>comitur</span> <span class='ocrx_word' id='word_1_171' title='bbox 514 3179 577 3249; x_wconf 79' lang='grc' dir='ltr'>τοῦ</span> <span class='ocrx_word' id='word_1_172' title='bbox 612 3181 754 3276; x_wconf 78' lang='grc' dir='ltr'><strong><em>πρῶτον</em></strong></span> <span class='ocrx_word' id='word_1_173' title='bbox 790 3181 849 3253; x_wconf 85' lang='lat' dir='ltr'>vis</span> <span class='ocrx_word' id='word_1_174' title='bbox 873 3200 918 3251; x_wconf 89' lang='lat' dir='ltr'>ac</span> <span class='ocrx_word' id='word_1_175' title='bbox 943 3188 1086 3277; x_wconf 82' lang='lat' dir='ltr'>natura,</span> <span class='ocrx_word' id='word_1_176' title='bbox 1124 3183 1222 3278; x_wconf 92' lang='lat' dir='ltr'>quod</span> <span class='ocrx_word' id='word_1_177' title='bbox 1247 3187 1285 3255; x_wconf 86' lang='lat' dir='ltr'>in</span> 
     </span>
     <span class='ocr_line' id='line_1_24' title="bbox 196 3296 1285 3397; baseline 0.004 -28"><span class='ocrx_word' id='word_1_178' title='bbox 196 3296 301 3369; x_wconf 90' lang='lat' dir='ltr'>nobis</span> <span class='ocrx_word' id='word_1_179' title='bbox 331 3300 417 3371; x_wconf 89' lang='lat' dir='ltr'>insit</span> <span class='ocrx_word' id='word_1_180' title='bbox 449 3298 528 3370; x_wconf 89' lang='lat' dir='ltr'>cius</span> <span class='ocrx_word' id='word_1_181' title='bbox 559 3300 677 3394; x_wconf 86' lang='lat' dir='ltr'>notio,</span> <span class='ocrx_word' id='word_1_182' title='bbox 715 3299 782 3372; x_wconf 87' lang='lat' dir='ltr'>sed</span> <span class='ocrx_word' id='word_1_183' title='bbox 816 3297 914 3395; x_wconf 89' lang='lat' dir='ltr'>quod</span> <span class='ocrx_word' id='word_1_184' title='bbox 937 3302 1033 3371; x_wconf 88' lang='lat' dir='ltr'>inest</span> <span class='ocrx_word' id='word_1_185' title='bbox 1069 3302 1108 3371; x_wconf 89' lang='lat' dir='ltr'>in</span> <span class='ocrx_word' id='word_1_186' title='bbox 1138 3304 1285 3397; x_wconf 78' lang='lat' dir='ltr'>reliquis</span> 
     </span>
     <span class='ocr_line' id='line_1_25' title="bbox 197 3413 1286 3517; baseline 0.003 -28"><span class='ocrx_word' id='word_1_187' title='bbox 197 3413 382 3512; x_wconf 83' lang='lat' dir='ltr'>omnibus,</span> <span class='ocrx_word' id='word_1_188' title='bbox 420 3440 511 3513; x_wconf 85' lang='lat' dir='ltr'>quac</span> <span class='ocrx_word' id='word_1_189' title='bbox 548 3418 594 3489; x_wconf 90' lang='lat' dir='ltr'>ad</span> <span class='ocrx_word' id='word_1_190' title='bbox 625 3420 780 3515; x_wconf 87' lang='lat' dir='ltr'>primum</span> <span class='ocrx_word' id='word_1_191' title='bbox 819 3419 1039 3517; x_wconf 85' lang='lat' dir='ltr'>referuntur,</span> <span class='ocrx_word' id='word_1_192' title='bbox 1079 3427 1119 3494; x_wconf 91' lang='lat' dir='ltr'>ut</span> <span class='ocrx_word' id='word_1_193' title='bbox 1155 3430 1213 3493; x_wconf 89' lang='lat' dir='ltr'>est</span> <span class='ocrx_word' id='word_1_194' title='bbox 1246 3422 1286 3492; x_wconf 91' lang='lat' dir='ltr'>in</span> 
     </span>
    </p>
   </div>
   <div class='ocr_carea' id='block_1_3' title="bbox 196 3534 1290 4239">
    <p class='ocr_par' dir='ltr' id='par_1_4' title="bbox 196 3534 1290 4239">
     <span class='ocr_line' id='line_1_26' title="bbox 196 3534 1285 3639; baseline 0.005 -31"><span class='ocrx_word' id='word_1_195' title='bbox 196 3536 286 3609; x_wconf 85' lang='lat' dir='ltr'>Met.</span> <span class='ocrx_word' id='word_1_196' title='bbox 320 3539 368 3632; x_wconf 77' lang='grc' dir='ltr'>Γ,</span> <span class='ocrx_word' id='word_1_197' title='bbox 395 3534 429 3607; x_wconf 78' lang='grc'>2.</span> <span class='ocrx_word' id='word_1_198' title='bbox 466 3560 500 3633; x_wconf 88' lang='lat' dir='ltr'>p.</span> <span class='ocrx_word' id='word_1_199' title='bbox 532 3536 719 3612; x_wconf 64' lang='lat'>1004025.</span> <span class='ocrx_word' id='word_1_200' title='bbox 759 3537 836 3612; x_wconf 74' lang='grc' dir='ltr'>ἐπεὶ</span> <span class='ocrx_word' id='word_1_201' title='bbox 872 3539 912 3612; x_wconf 77' lang='grc' dir='ltr'>δὲ</span> <span class='ocrx_word' id='word_1_202' title='bbox 946 3543 1091 3611; x_wconf 80' lang='grc' dir='ltr'><strong><em>πάντα</em></strong></span> <span class='ocrx_word' id='word_1_203' title='bbox 1119 3541 1210 3639; x_wconf 74' lang='grc' dir='ltr'><strong><em>πρὸς</em></strong></span> <span class='ocrx_word' id='word_1_204' title='bbox 1244 3543 1285 3613; x_wconf 77' lang='grc' dir='ltr'>τὸ</span> 
     </span>
     <span class='ocr_line' id='line_1_27' title="bbox 197 3649 1289 3758; baseline 0.004 -31"><span class='ocrx_word' id='word_1_205' title='bbox 197 3660 339 3753; x_wconf 78' lang='grc' dir='ltr'><strong><em>πρῶτον</em></strong></span> <span class='ocrx_word' id='word_1_206' title='bbox 372 3649 584 3757; x_wconf 71' lang='grc' dir='ltr'><strong><em>ἀναφέρεται</em></strong></span> <span class='ocrx_word' id='word_1_207' title='bbox 608 3661 684 3730; x_wconf 84' lang='grc' dir='ltr'><em>κτλ.</em></span> <span class='ocrx_word' id='word_1_208' title='bbox 748 3660 838 3731; x_wconf 84' lang='lat' dir='ltr'>Inde</span> <span class='ocrx_word' id='word_1_209' title='bbox 867 3658 1096 3732; x_wconf 87' lang='lat' dir='ltr'>scribendum</span> <span class='ocrx_word' id='word_1_210' title='bbox 1123 3666 1289 3758; x_wconf 85' lang='lat' dir='ltr'>suspicor</span> 
     </span>
     <span class='ocr_line' id='line_1_28' title="bbox 201 3768 1288 3876; baseline 0.004 -30"><span class='ocrx_word' id='word_1_211' title='bbox 201 3768 243 3847; x_wconf 77' lang='grc' dir='ltr'>οὗ</span> <span class='ocrx_word' id='word_1_212' title='bbox 266 3778 376 3868; x_wconf 85' lang='grc' dir='ltr'><strong><em>λόγος</em></strong></span> <span class='ocrx_word' id='word_1_213' title='bbox 400 3774 438 3849; x_wconf 74' lang='grc' dir='ltr'>ἐν</span> <span class='ocrx_word' id='word_1_214' title='bbox 467 3782 607 3849; x_wconf 79' lang='grc' dir='ltr'><strong><em>πᾶσιν</em></strong></span> <span class='ocrx_word' id='word_1_215' title='bbox 635 3773 799 3876; x_wconf 78' lang='grc' dir='ltr'>ὑπάρχει.</span> <span class='ocrx_word' id='word_1_216' title='bbox 824 3819 875 3835; x_wconf 89' lang='grc'>-</span> <span class='ocrx_word' id='word_1_217' title='bbox 902 3780 993 3854; x_wconf 86' lang='lat' dir='ltr'><strong>Sunt</strong></span> <span class='ocrx_word' id='word_1_218' title='bbox 1017 3791 1139 3856; x_wconf 83' lang='lat' dir='ltr'>autem</span> <span class='ocrx_word' id='word_1_219' title='bbox 1163 3784 1225 3875; x_wconf 92' lang='lat' dir='ltr'>qui</span> <span class='ocrx_word' id='word_1_220' title='bbox 1250 3782 1288 3851; x_wconf 89' lang='lat' dir='ltr'>in</span> 
     </span>
     <span class='ocr_line' id='line_1_29' title="bbox 198 3897 1290 3996; baseline 0.006 -30"><span class='ocrx_word' id='word_1_221' title='bbox 198 3897 342 3969; x_wconf 89' lang='lat' dir='ltr'>notione</span> <span class='ocrx_word' id='word_1_222' title='bbox 377 3899 548 3993; x_wconf 77' lang='lat' dir='ltr'>piincipis</span> <span class='ocrx_word' id='word_1_223' title='bbox 586 3900 764 3971; x_wconf 84' lang='lat' dir='ltr'>amicitiae</span> <span class='ocrx_word' id='word_1_224' title='bbox 797 3909 985 3996; x_wconf 84' lang='lat' dir='ltr'>tantopere</span> <span class='ocrx_word' id='word_1_225' title='bbox 1023 3904 1210 3996; x_wconf 84' lang='lat' dir='ltr'>haereant,</span> <span class='ocrx_word' id='word_1_226' title='bbox 1249 3907 1290 3973; x_wconf 93' lang='lat' dir='ltr'>ut</span> 
     </span>
     <span class='ocr_line' id='line_1_30' title="bbox 199 4020 1287 4116; baseline 0.003 -28"><span class='ocrx_word' id='word_1_227' title='bbox 199 4037 402 4112; x_wconf 84' lang='lat' dir='ltr'>quaecum</span> <span class='ocrx_word' id='word_1_228' title='bbox 428 4038 571 4091; x_wconf 88' lang='lat' dir='ltr'>canon</span> <span class='ocrx_word' id='word_1_229' title='bbox 597 4020 808 4115; x_wconf 83' lang='lat' dir='ltr'>concinant,</span> <span class='ocrx_word' id='word_1_230' title='bbox 848 4041 911 4093; x_wconf 88' lang='lat' dir='ltr'>cas</span> <span class='ocrx_word' id='word_1_231' title='bbox 936 4043 983 4094; x_wconf 91' lang='lat' dir='ltr'>ne</span> <span class='ocrx_word' id='word_1_232' title='bbox 1009 4021 1185 4093; x_wconf 87' lang='lat' dir='ltr'>amicitias</span> <span class='ocrx_word' id='word_1_233' title='bbox 1210 4023 1287 4116; x_wconf 88' lang='lat' dir='ltr'>qui-</span> 
     </span>
     <span class='ocr_line' id='line_1_31' title="bbox 201 4130 1290 4239; baseline 0.006 -31"><span class='ocrx_word' id='word_1_234' title='bbox 201 4136 283 4210; x_wconf 87' lang='lat' dir='ltr'>dem</span> <span class='ocrx_word' id='word_1_235' title='bbox 309 4139 456 4211; x_wconf 88' lang='lat' dir='ltr'>omnino</span> <span class='ocrx_word' id='word_1_236' title='bbox 482 4158 566 4211; x_wconf 83' lang='lat' dir='ltr'>esse</span> <span class='ocrx_word' id='word_1_237' title='bbox 592 4138 714 4213; x_wconf 85' lang='lat' dir='ltr'>velint.</span> <span class='ocrx_word' id='word_1_238' title='bbox 742 4130 786 4209; x_wconf 74' lang='grc' dir='ltr'>οὕ</span> <span class='ocrx_word' id='word_1_239' title='bbox 810 4137 881 4237; x_wconf 73' lang='grc' dir='ltr'>γὰρ</span> <span class='ocrx_word' id='word_1_240' title='bbox 899 4136 1186 4239; x_wconf 71' lang='grc' dir='ltr'><strong><em>ἐφαρμόττοντος</em></strong></span> <span class='ocrx_word' id='word_1_241' title='bbox 1211 4139 1290 4218; x_wconf 76' lang='grc' dir='ltr'><strong><em>ἑνός</em></strong></span> 
     </span>
    </p>
   </div>
   <div class='ocr_carea' id='block_1_4' title="bbox 0 0 1625 4975">
    <p class='ocr_par' dir='ltr' id='par_1_5' title="bbox 0 0 1625 4975">
     <span class='ocr_line' id='line_1_32' title="bbox 0 0 1625 4975; baseline 0 0"><span class='ocrx_word' id='word_1_242' title='bbox 0 0 1625 4975; x_wconf 95' lang='lat' dir='ltr'> </span> 
     </span>
    </p>
   </div>
  </div>
 </body>
</html>
