3200 4975
342 476 391 550 42

342 671 424 735 ante
450 663 728 738 deuotionibus
755 669 818 736 τοῦ
841 666 909 762 βία
934 672 972 737 et
998 665 1059 735 τοῦ
1084 657 1251 737 όκουσίου
1272 684 1438 759 exposu-

342 782 455 879 imus,
482 791 520 858 ct
545 786 774 858 confirmatur
798 787 881 856 coll.
908 809 942 879 p.
973 781 1148 877 nmmos,
1178 783 1328 857 man-2.
1367 784 1439 878 lia,

341 903 401 978 ubi
439 909 671 978 coniunctum
708 914 766 978 est
803 906 871 1001 βίᾳ
907 910 970 976 καὶ
994 899 1293 998 ἀναγκαζόμενος.

439 1026 496 1121 11,
521 1026 557 1096 9.
584 1049 619 1122 p.
651 1022 814 1098 1225122
867 1025 1049 1114 Quoniam
1073 1047 1191 1121 neque
1217 1047 1266 1098 ex
1291 1024 1441 1121 cupidi·

338 1147 422 1218 tatis
447 1167 566 1242 neque
593 1169 641 1220 ex
666 1149 855 1222 electionis
871 1155 999 1222 nattua
1015 1146 1101 1242 quid
1117 1148 1165 1220 sit
1188 1148 1443 1221 voluntarium

343 1265 574 1340 determinari
598 1267 735 1363 potest,
760 1267 994 1361 philosophus
1020 1287 1113 1362 quae
1136 1267 1184 1338 ad
1207 1269 1443 1340 intellectum

339 1397 377 1462 et
402 1390 657 1486 cogitationem
683 1385 887 1482 pertineant
910 1384 1112 1481 indaganda
1128 1375 1272 1483 censet,
1295 1387 1445 1483 siquid

338 1509 422 1580 inde
456 1507 503 1579 ad
533 1505 772 1580 definiendam
805 1508 991 1581 notionem
1025 1510 1089 1579 τοῦ
1120 1504 1280 1580 ἑκουσίου
1311 1510 1444 1605 repeti

338 1629 463 1726 possit.
498 1625 596 1700 δοκεῖ
619 1625 661 1722 δὴ
687 1624 848 1702 ἐναντίου
870 1623 963 1701 εἶναι
987 1629 1029 1701 τό
1054 1625 1215 1703 ἔκοόσκον
1239 1631 1293 1726 τῷ
1317 1620 1444 1700 οἰκου-

339 1757 419 1849 cup,
444 1754 507 1821 καὶ
532 1749 573 1820 τό
598 1745 718 1820 εἰδότα
741 1745 763 1839 ἢ
788 1747 831 1817 όν
855 1744 878 1838 ἢ
902 1741 935 1843 ᾧ
960 1745 983 1839 ἢ
1006 1742 1050 1820 od
1074 1748 1190 1822 ἕνεκα.
1222 1748 1332 1821 ἐνίοτε
1359 1752 1443 1846 γὰρ

338 1867 411 1942 οἶδε
436 1873 503 1961 μὲν
529 1861 584 1939 ότι
608 1863 738 1966 πατὴρ,
764 1859 845 1938 ἄλλ’
870 1860 937 1960 οὐχ
961 1864 1023 1939 ἵνα
1046 1862 1234 1964 ἀποκτείνῃ
1264 1863 1344 1941 ἀλλ’
1370 1868 1443 1942 ἵνα

338 1991 458 2084 σώσῃ,
495 1981 615 2089 ὥσπερ
652 1986 691 2060 αἱ
723 1986 897 2068 Πελιάδες
927 1983 1007 2082 ἤτοι
1039 1986 1091 2070 ὥς
1121 1983 1176 2061 ὅτι
1213 1992 1282 2083 μὲν
1311 1992 1443 2081 πόμα,

337 2107 418 2185 ἀλλ’
444 2108 494 2187 ὥς
517 2114 665 2201 φίλτρον
688 2113 751 2176 καὶ
776 2105 894 2177 οἶνον·
938 2111 980 2178 τό
1005 2109 1037 2178 δ’
1063 2106 1105 2200 ἦν
1129 2114 1290 2184 κώνειον.
1318 2114 1372 2205 τῷ
1402 2109 1441 2179 δ’

338 2229 527 2324 ἅγνοοόντο
550 2232 614 2298 καί
638 2225 682 2298 όν
705 2227 768 2296 καί
792 2216 826 2320 qi
849 2226 913 2293 καὶ
930 2217 970 2309 ό,
995 2221 1041 2292 δι’
1068 2222 1232 2313 ἄγνοιαν,
1256 2229 1310 2321 μὴ
1332 2232 1443 2300 κατὰ

337 2348 570 2447 συμβεβηκός.
631 2345 751 2420 Locus
776 2343 969 2417 manifesto
1001 2350 1199 2437 corruptus.
1268 2346 1443 2422 Primnm

338 2477 435 2551 enim
467 2471 514 2545 ad
548 2464 589 2540 td
620 2464 741 2538 οίδότα
771 2464 996 2539 desideratur
1027 2463 1123 2561 quod
1148 2466 1184 2538 ci
1208 2464 1440 2540 cannatina

222 2614 228 2625 ‘
338 2601 408 2683 sit;
445 2589 688 2686 nequeenim
713 2590 766 2683 τῷ
791 2581 946 2684 ἀκουσίῳ
972 2608 994 2659 e
1020 2585 1266 2682 superioribus
1291 2586 1439 2681 cogita-

338 2718 437 2791 tione
468 2718 635 2807 repetere
668 2709 706 2779 in
738 2710 895 2781 anirnum
920 2707 1085 2802 iuducet,
1117 2710 1179 2803 qui
1207 2710 1439 2804 reputaverit

337 2837 375 2909 id
408 2836 527 2931 ipsum
558 2836 687 2926 postea
720 2828 866 2903 demum
897 2828 1144 2902 ratiocinando
1178 2828 1434 2901 demonstrari.

337 2954 479 3030 Deinde
506 2954 568 3047 qui
583 2951 661 3023 fieri
677 2957 817 3045 potest,
842 2958 882 3021 ut
908 2953 960 3047 τῷ
979 2947 1010 3021 δ’
1028 2942 1215 3041 όγυοοίυτι
1227 2989 1278 3003 -
1290 2948 1437 3041 συμβε-

337 3077 447 3172 βηκός
465 3096 531 3170 per
548 3094 589 3146 se
603 3073 832 3145 enunciatum
849 3072 996 3166 plenum
1008 3077 1047 3143 et
1062 3071 1241 3165 integrum
1258 3070 1431 3144 efficiant.

337 3199 412 3269 Vix
436 3199 475 3268 in
500 3196 573 3267 ullo
598 3194 773 3289 scriptore
801 3191 963 3286 Graeco,
991 3198 1242 3287 praeterquam
1266 3188 1432 3263 inlibris

338 3316 596 3411 Aristotelicis‚
634 3334 786 3410 quorum
819 3311 1021 3387 obscuritas
1046 3311 1220 3407 quidlibet
1251 3333 1429 3385 excusare

339 3439 501 3533 videtur,
539 3435 625 3507 talia
656 3432 763 3507 hodie
794 3436 893 3529 typis
929 3433 1111 3527 descripta
1135 3434 1306 3528 reperias.
1369 3432 1428 3503 Ac

337 3561 549 3646 facillimum
572 3560 650 3627 crat
677 3552 819 3647 utrique
844 3552 1076 3625 incommodo
1100 3553 1255 3641 mcdeu‘3
1281 3564 1429 3648 recepta

338 3682 436 3755 enim
460 3678 617 3751 lectione
645 3673 725 3747 cod.
752 3668 820 3770 12⁶,
852 3675 891 3747 in
916 3695 988 3771 quo
1013 3676 1187 3768 particula
1212 3673 1244 3745 δ’
1269 3681 1352 3767 post
1376 3678 1429 3769 τῷ

339 3800 532 3891 omittitur,
573 3814 620 3865 ea
655 3793 769 3871 verba
806 3794 1014 3889 parenthesi
1050 3793 1267 3869 includenda
1309 3803 1425 3889 eraut,

340 3943 431 4019 quae
457 3919 565 3991 unice
592 3913 805 4011 explicando
822 3913 1088 4010 afferendisquc
1114 3915 1288 4008 exemplis
1313 3914 1424 3987 inser·

340 4045 453 4117 viunt.
505 4036 604 4109 όοκεῖ
627 4032 669 4129 δὴ
694 4033 854 4109 ἐναντίον
878 4030 969 4106 εἶναι
1000 4036 1040 4107 τό
1067 4034 1229 4108 ἑκούσιον
1246 4038 1298 4133 τῷ
1315 4031 1424 4106 ἄκου-

341 4169 425 4261 σίῳ,
450 4162 511 4229 καί
538 4153 578 4227 τό
603 4152 722 4229 εἰδότα
748 4152 769 4247 ἢ
795 4157 836 4227 ὃν
861 4150 882 4247 ἢ
907 4148 939 4255 qt
963 4152 985 4246 ἢ
1010 4145 1053 4229 ori
1077 4154 1179 4227 iussu
1203 4154 1331 4252 (ἐνίοτε
1355 4157 1423 4250 γὰρ
