3200 4975
115 2193 117 2242 t

1212 495 1260 567 67

271 707 306 778 p.
338 676 527 753 1238i13.
598 675 653 747 ded
680 674 766 746 ἔνιοι
793 674 999 769 ἀμιλητιιιοί
1019 675 1106 748 εἰσιν
1131 672 1176 748 ἀν
1200 685 1263 750 καῖ

174 802 371 876 σπουδαῖοι.
421 801 534 874 Immo
561 799 679 894 potius
698 793 900 889 ὁμιλητικοί
921 795 1022 884 εἶσιν,
1048 793 1093 868 ἀν
1117 805 1179 870 καί
1203 800 1264 893 μὴ

173 921 369 998 σπουδαῖοι.
436 920 520 993 Ηοο
555 925 591 988 et
624 919 806 989 enunciati
844 919 1083 990 conformatio
1115 919 1262 1018 flagitat,

174 1053 262 1143 quae'
289 1045 327 1116 in
352 1045 501 1136 vulgato
526 1044 629 1110 textu
653 1057 806 1132 prorsus
819 1045 876 1108 cst
901 1059 1092 1135 perversa,
1117 1048 1156 1112 et
1181 1063 1263 1113 sen·

174 1168 307 1240 tentiae
334 1163 443 1248 ratio;
471 1159 652 1255 quaeritur
678 1158 774 1229 enim
791 1154 921 1252 quibus
938 1179 986 1230 ex
1003 1162 1121 1232 causis
1138 1162 1164 1233 ii
1180 1184 1264 1258 pos·

176 1289 242 1360 sint
268 1285 378 1356 amici
405 1302 504 1376 esse,
532 1279 592 1375 qui
617 1298 691 1350 non
717 1279 789 1351 sint
815 1274 929 1372 probi.

277 1403 360 1499 Vll,
389 1403 421 1473 3.
448 1423 482 1496 p.
515 1395 702 1471 12381127.
730 1395 772 1469 dv
790 1393 933 1475 ταύταις
957 1397 996 1469 δὲ
1020 1401 1097 1491 (se.
1125 1398 1168 1471 ἐν
1193 1405 1270 1480 ταῖς

174 1519 266 1598 καθ’
293 1521 470 1620 ὑπεροχὴν
495 1518 651 1612 φιλίαις)
690 1511 800 1608 doda
831 1515 962 1589 ἔνεστιν
985 1515 1009 1610 ἢ
1033 1513 1099 1611 οάχ
1132 1519 1271 1615 ὁμοίως

174 1643 212 1720 τὸ
241 1639 521 1736 ἀντιφιλεῖσθαι.
544 1641 686 1731 γελοῖον
709 1636 783 1734 γὰρ
808 1637 843 1707 εἴ
860 1661 912 1715 τις
927 1634 1097 1731 ἐγκαλοίη
1120 1645 1172 1738 τῷ
1188 1643 1272 1739 θεῷ

175 1762 230 1838 ὅτι
265 1758 331 1854 οάχ
377 1759 517 1854 ὁμοίως
552 1761 603 1854 τῷ
642 1750 909 1847 ἀντιφιλεῖσθαι
949 1755 1001 1836 οῖς
1038 1762 1215 1849 φιλεῖται,
1248 1759 1272 1855 ἢ

175 1889 230 1982 τῷ
256 1879 399 1982 ἄρχοντι
420 1884 482 1950 καὶ
499 1871 701 1976 ἀρχομενῳ.
752 1876 877 1949 Verba
892 1871 948 1948 ὅτι
973 1872 1038 1968 οὐχ
1056 1905 1087 1951 o.
1114 1906 1145 1951 τ.
1173 1908 1209 1953 α.
1228 1908 1271 1954 οι.

177 2008 334 2097 φιλεῖται
366 2023 442 2072 non
471 2021 553 2072 esse
584 1999 724 2090 integra
756 2003 856 2067 recte
891 2008 1154 2091 perspexerunt
1188 2001 1271 2092 Syl-

115 2179 116 2192 ,
176 2125 328 2218 burgius
361 2127 399 2190 et
423 2118 670 2211 Cassandrus,
718 2115 784 2189 sed
810 2115 907 2212 quod
932 2116 970 2187 in
1000 2138 1126 2190 eorum
1151 2123 1273 2193 locum
1358 2179 1369 2196 .

182 2241 354 2318 substitui
378 2243 579 2334 voluerunt,
604 2239 664 2308 ille
692 2229 748 2307 ὅτι
769 2229 833 2324 οάχ
859 2233 994 2328 ὁμοίαις
1016 2242 1071 2333 τῷ
1087 2240 1276 2330 φιλεῖσθαι

184 2355 290 2439 αὐτοῖς
320 2353 513 2450 ἀντιφιλεῖ,
551 2358 610 2429 hic
628 2351 683 2428 ὅτι
701 2349 766 2447 οιῖχ
797 2352 935 2446 ὁμοίως
958 2347 1066 2434 αάτιῖς
1098 2352 1280 2452 ἀντιφιλεῖ

182 2479 232 2561 οῖς
247 2482 414 2573 φιλεῖται,
438 2502 572 2555 vereor
596 2500 643 2551 ne
665 2476 809 2571 longius
835 2498 941 2571 quam
967 2500 1060 2573 opus
1086 2487 1143 2553 est
1165 2490 1274 2553 atra

183 2604 258 2675 dita
281 2599 451 2673 librorum
468 2602 646 2693 scriptura
670 2596 900 2670 recesserint.
951 2597 1105 2694 Propius
1131 2600 1177 2673 ad
1196 2623 1276 2675 eam

120 2776 121 2779 ,
186 2722 363 2795 accedere
396 2741 590 2816 possumus
620 2722 652 2791 si
676 2718 928 2812 scripserimus
960 2711 1017 2789 ὅτι
1042 2713 1107 2812 οάχ
1140 2719 1280 2814 ὁμοίως

183 2842 231 2914 τό
250 2836 540 2931 ἀντιφιλεῖσθαι,
567 2860 618 2910 sc.
637 2835 770 2910 durem
788 2835 826 2908 ἐν
851 2840 895 2931 τῇ
912 2831 1031 2911 αάτοῖν
1048 2842 1162 2935 φιλία,
1180 2843 1277 2938 quod

186 2987 232 3036 ex
264 2962 457 3036 enunciato
489 2958 729 3032 antecedente
766 2959 873 3031 facile
909 2966 1031 3054 potest
1065 2964 1191 3057 repeti.
1232 3008 1273 3021 -

191 3082 265 3157 Sed
296 3103 368 3155 nee
407 3088 568 3152 extrema
606 3077 719 3152 verba
753 3078 972 3175 persuadere
1013 3082 1100 3153 rnihi
1131 3093 1290 3177 possum

188 3203 294 3277 sicuti
331 3221 429 3274 nunc
468 3197 681 3274 exhibentur
721 3197 766 3270 ab
804 3198 971 3271 Eudemo
1009 3224 1093 3274 esse
1134 3206 1278 3298 scripta.

187 3323 333 3397 Etenim
363 3324 455 3394 haec
484 3316 645 3411 verbar'i
677 3324 730 3416 τῷ
761 3312 909 3415 ἄρχοντι
930 3324 993 3390 καί
1018 3313 1208 3419 ἀρχομενῳ
1241 3329 1282 3394 ut

187 3450 310 3537 aptam
347 3445 407 3515 vel
440 3442 588 3512 omnino
621 3441 774 3536 aliquam
814 3443 1028 3515 sententiam
1068 3442 1281 3540 praebeant,

191 3560 436 3635 construenda
461 3568 567 3634 erunt
588 3582 671 3633 cum
698 3562 889 3633 enunciato
907 3564 1093 3656 superiore
1119 3554 1184 3633 οὖν
1209 3561 1286 3635 ἔνε-

192 3704 265 3753 στιν
291 3676 426 3774 ὁμοίως
451 3680 493 3752 τὰ
521 3673 811 3771 ἀντιφιλεῖσθαι,
837 3682 887 3749 ita
904 3682 1048 3775 quidem
1065 3692 1105 3755 ut
1121 3687 1285 3779 proxima

189 3799 305 3875 verba
335 3805 479 3892 γελοῖον
503 3800 538 3871 εἴ
565 3824 616 3877 τις
648 3798 816 3892 ἐγκαλοίη
847 3803 902 3897 τῷ
930 3800 1013 3900 θεῷ
1045 3848 1095 3860 -
1129 3805 1286 3894 φιλεῖται

191 3934 372 4017 tamquam
390 3926 428 3995 in
453 3921 660 4017 parenthesi
685 3919 781 3991 diota
806 3923 1037 4016 accipiantur.
1091 3924 1195 4011 Quae
1223 3946 1285 3996 ex·

193 4041 345 4115 cusandi
370 4042 485 4137 magis
503 4060 608 4136 quam
635 4039 839 4136 explicandi
864 4042 956 4113 ratio
971 4051 1165 4139 propterea
1181 4045 1287 4116 nimis

142 4260 143 4269 ἵ
194 4171 253 4236 est
277 4163 384 4259 dura,
417 4164 501 4258 quia
525 4162 699 4258 particula
731 4154 977 4255 comparativa
1001 4157 1035 4253 ἢ,
1062 4158 1084 4254 ἢ
1109 4166 1161 4259 τῴ
1186 4155 1288 4262 ἀρχ.,
