3200 4975
314 493 337 566 6

315 701 420 777 ceps,
437 679 643 756 Aristotelis
660 684 754 764 inter
769 684 971 779 philologos
989 685 1193 779 restitutor,
1218 684 1409 775 Innunuoan

1458 177 1471 261 l

313 800 515 890 Bnrureans.
567 805 603 876 ls
636 825 745 900 quum
775 806 985 900 conquisitis
1016 803 1174 901 undique
1205 813 1243 880 et
1269 811 1409 886 collatis
1472 858 1473 863 =

314 920 502 996 codicibus
534 923 741 998 Aristotelis
765 923 970 1012 editionem
1005 946 1094 997 vere
1126 947 1260 1000 novam
1303 930 1408 1003 huius

313 1043 515 1140 philosophi
532 1044 720 1141 conderet,
747 1048 857 1120 etiam
873 1045 1002 1119 Ethiea
1017 1044 1195 1132 Eudemia
1221 1056 1260 1120 et
1275 1047 1410 1144 Magna

312 1163 467 1268 Moralia
485 1164 544 1250 ,ad
575 1168 826 1240 auctoritatem
857 1165 1029 1264 libronrm
1059 1171 1408 1266 manuscriptorum

314 1284 574 1380 conformavit,
604 1292 642 1378 et
671 1286 722 1358 ad-
746 1285 926 1386 Eudemia
954 1285 1100 1387 quidem
1115 1288 1224 1384 ,duos
1252 1289 1411 1367 adhibuit

313 1405 424 1503 libros
441 1403 670 1506 Marcianum
682 1405 754 1480 213
770 1404 873 1498 (Mb)
900 1417 938 1482 et
954 1409 1178 1484 Vaticanum
1193 1409 1288 1505 1342
1306 1409 1410 1511 (Pb),

314 1525 360 1634 ad
377 1525 512 1620 Magna
527 1525 683 1606 Moralia
704 1528 934 1604 Marcianum
958 1532 1121 1605 eundem·
1141 1540 1178 1606 et
1203 1530 1410 1609 Laurentia·

312 1669 400 1752 num
426 1645 470 1720 81
505 1647 547 1720 ll
578 1649 686 1742 (Kb).
720 1739 724 1772 Ι
755 1650 837 1724 Hac
869 1674 982 1746 opera
1013 1661 1184 1756 quantum
1215 1655 1412 1752 profecerit

314 1766 506 1846 Borruaans
542 1769 590 1842 ad
628 1776 768 1846 textum
807 1768 1090 1863 emendandum,
1116 1793 1191 1842 non
1223 1775 1413 1869 estquod
1478 1758 1480 1779 *

313 1889 722 1987 multispruedicemus,
748 1881 928 1986 siquidem
948 1890 1129 1961 nerninem
1146 1892 1259 1962 latere
1275 1901 1411 1992 potest,

315 2011 376 2104 qui
401 2011 494 2082 hanc
513 2009 711 2087 editionem
737 2031 821 2084 cum
848 2003 1093 2106 superioribus
1119 2007 1288 2083 conferre
1306 2019 1410 2087 volu-

315 2133 407 2216 erit3
434 2137 606 2226 quantumi
622 2132 824 2226 reliquerit,
850 2131 958 2203 facile
976 2130 1110 2200 sentiet
1131 2131 1192 2225 qui
1207 2131 1275 2207 hos
1300 2132 1411 2208 libros

315 2252 365 2343 ita
390 2252 594 2348 susceperit
618 2253 761 2348 legere,
794 2258 932 2322 utnon
957 2249 1046 2321 satis
1070 2245 1208 2332 habeat,
1227 2253 1412 2328 divinasse

315 2378 453 2446 tantum
491 2373 676 2468 scriptoris
714 2371 941 2446 sententiam.
1018 2366 1067 2445 Et
1104 2371 1225 2453 omnia
1266 2374 1413 2468 quidem

316 2493 451 2589 menda¹
478 2516 528 2595 ,ex
559 2494 705 2589 ingenio
735 2494 813 2567 tolli
850 2513 961 2588 posse
995 2513 1070 2564 non
1103 2494 1223 2567 ausim
1252 2515 1412 2590 sperare,
1482 2501 1483 2514 ¹

316 2616 382 2689 sed
408 2623 530 2688 tamen
556 2614 717 2709 diligenti
750 2624 787 2687 et
812 2614 959 2688 assidua
981 2615 1160 2709 lectione,
1190 2617 1332 2691 collatis
1356 2617 1413 2689 his

315 2733 414 2833 libris¹
440 2738 534 2809 inter
560 2758 601 2811 se
628 2736 716 2831 ipsis
744 2744 781 2811 et
807 2758 892 2809 cum
917 2736 1192 2832 NicomacheiS,
1219 2734 1414 2833 exquibus

315 2836 492 2959 pendent,
520 2844 736 2955 comparatis
763 2856 930 2931 omnibus
956 2858 1163 2935 Aristotelis
1189 2855 1308 2954 libris,
1334 2858 1414 2953 qui-

316 2977 481 3081 buscum¹
511 2986 553 3063 et,
569 3056 572 3070 ,
590 2980 804 3079 placitorum
841 2987 970 3063 notura
1013 2992 1051 3050 et
1094 2976 1239 3053 dicendi
1275 2999 1413 3073 genere

316 3100 494 3184 arthemio
534 3100 750 3201 cohaerent,
789 3122 1003 3196 persuasum
1041 3099 1158 3176 habeo
1196 3098 1331 3195 aliquid
1368 3098 1415 3171 ad

316 3226 455 3295 textum
473 3222 739 3299 emendandum
757 3222 917 3318 conferri
934 3243 1056 3318 posse.
1108 3220 1288 3316 Equidem
1304 3241 1415 3317 quum

316 3342 401 3415 olim
433 3340 602 3417 detentus
642 3366 687 3417 ea
724 3348 804 3441 ipsa
841 3345 1074 3440 quaestione,
1112 3362 1219 3438 quam
1256 3362 1354 3416 nunc
1392 3362 1415 3411 a

316 3459 515 3539 Leoununo
549 3466 711 3537 Senueen
742 3471 996 3559 pertractatam
1027 3470 1065 3536 et
1094 3450 1296 3535 absolutam
1328 3461 1414 3555 dixi,

318 3584 535 3681 aliquamdiu
559 3587 598 3657 in
622 3586 678 3657 his
703 3582 804 3658 libris
829 3582 993 3677 legendis
1012 3590 1050 3657 et
1065 3582 1313 3681 perquirendis
1330 3600 1414 3654 ver-

318 3724 436 3801 sarer,
476 3707 611 3805 aliquot
643 3707 681 3781 in
712 3706 805 3781 locis
836 3712 974 3781 textum
1005 3704 1180 3809 probabili
1205 3702 1416 3773 coniectura

318 3826 365 3897 ad
381 3802 575 3921 genuinam
592 3827 746 3899 sormam
763 3829 954 3900 restituere
973 3828 1059 3898 milri
1076 3820 1236 3898 videbar.
1276 3820 1414 3894 Harmn

319 3948 611 4023 emendationum
654 3948 841 4049 specimen
883 3968 993 4046 quum
1042 3944 1292 4046 propositurus
1334 3963 1414 4013 sum

319 4070 478 4144 virortun
498 4070 687 4145 doctorum
710 4070 865 4167 iudicio,
891 4090 998 4167 quam
1022 4066 1197 4141 lubricam
1229 4067 1415 4163 ingressus

320 4194 368 4264 irn
395 4194 491 4268 viem
518 4214 590 4264 non
617 4196 765 4292 ignore,
801 4191 930 4267 sedin
956 4198 1054 4265 tanta
1080 4189 1286 4263 criticorum
1315 4180 1417 4256 sub-
