3200 4975
1234 512 1280 586 53

185 705 248 797 τῷ
279 699 341 792 μὴ
372 701 517 770 λυπεῖν
549 691 626 765 τόν
660 687 895 782 άκοάσντοι,
933 690 1042 784 'dxci
1072 701 1223 790 ιε’ρπειν;
1260 692 1284 789 ἢ

180 826 248 891 καὶ
268 823 371 911 τόγε
397 820 554 889 τοιοῦτον
575 808 760 912 άόριστσνς
796 810 887 886 ἄλλο
906 813 980 912 γάρ
1003 806 1107 910 ἄλλῳ
1130 817 1282 910 μισητόν

180 966 222 1012 τε
250 943 315 1010 καλ
339 934 414 1031 η’δά.
869 931 872 949 “

288 1059 348 1154 ΠΙ,
375 1056 411 1130 7.
438 1081 472 1152 p.
504 1051 657 1126 123418
684 1077 760 1150 sqq.
800 1053 936 1126 Virtuti
969 1058 1007 1128 in
1032 1054 1280 1130 mediocritate

184 1179 421 1252 affectionum
438 1177 577 1271 positae
594 1177 685 1255 ¹licet
709 1181 900 1270 utrumque
927 1183 1127 1270 opponatur
1153 1178 1280 1249 vitium

182 1300 282 1395 qnod
308 1322 357 1371 ex
374 1295 537 1368 eiusdem
563 1293 766 1366 affectionis
783 1297 846 1368 vel
872 1315 1030 1367 excessu
1054 1299 1115 1369 vel
1132 1296 1280 1367 defectu

185 1422 317 1514 oritur,
343 1427 562 1489 tamennon
594 1415 726 1511 ubique
760 1414 909 1508 perinde
935 1422 1127 1512 utrumque
1152 1417 1280 1488 vitium

185 1549 244 1611 est
270 1541 484 1634 oppositum.
518 1536 615 1605 αἴτια
648 1532 686 1604 di·
712 1535 758 1602 τά
786 1558 825 1603 τε
856 1537 981 1631 πρῶτα
1011 1534 1171 1632 ῥηθέντα
1202 1533 1279 1621 δύο,

187 1653 352 1748 ὀλιγότης
376 1680 427 1743 τε,
454 1651 529 1724 odor
554 1656 627 1724 τεόν
651 1653 738 1751 πρὸς
762 1653 808 1722 τά
831 1647 916 1744 vidia
941 1648 1187 1747 άναισθήτων,
1217 1659 1281 1726 καὶ

187 1771 244 1847 ὅτι
271 1775 368 1866 ἐφ’ὃ
404 1771 673 1870 ἁμαρτάνομεν,
706 1775 851 1864 μάλλον
882 1777 987 1846 τοῦτο
1027 1773 1280 1871 ἐναντιώτερον

184 1893 276 1968 εἶναι
301 1895 406 1967 δοκεῖ.
436 1883 553 1966 Mira
577 1894 732 1988 quadam
755 1895 888 1964 erroris
905 1898 1108 1971 constantia
1138 1898 1177 1966 in
1202 1894 1279 1972 θόί·Ι

182 2015 343 2089 tionibus
372 2022 455 2085 ante
492 2014 634 2104 μᾶλλον
667 2009 873 2083 distinctum
906 2020 981 2107 est,
1020 2034 1129 2107 quum
1154 2013 1279 2085 distin·

185 2136 370 2230 guendum
396 2135 443 2204 sit
465 2139 549 2227 post
578 2133 734 2224 μάλλον.
798 2129 853 2202 Cf.
885 2130 930 2226 Η,
965 2130 999 2203 5.
1035 2155 1071 2226 p.
1090 2131 1276 2205 1212·39.

188 2253 353 2326 ἐναντίαν
377 2252 415 2324 δὲ
440 2250 589 2343 τίθεμεν
614 2249 678 2342 τὴν
703 2248 776 2334 ἕξιν
801 2247 857 2340 ἐφ’
890 2243 996 2341 iiam
1020 2248 1280 2352 ἁμαρτάνομεν

186 2377 327 2469 μᾶλλον
357 2378 420 2445 ναὶ
451 2369 507 2462 ἐφ’
533 2372 576 2461 ἣν
608 2369 642 2440 ο1
665 2372 805 2440 πολλοί.
855 2369 926 2465 ΠΙ,
956 2369 1052 2467 ap.
1087 2370 1275 2445 1230117.

119 2510 120 2520 ’
185 2494 246 2565 dmi
280 2494 321 2565 τό
346 2490 483 2569 πάντας
507 2488 565 2561 ἐπὶ
588 2490 747 2589 θάτερον
772 2488 994 2587 ἁμαρτάνειν
1018 2494 1172 2585 μᾶλλον.
1222 2492 1275 2563 Μ.

186 2614 238 2685 Μ.
267 2615 300 2709 1,
325 2613 360 2685 9.
387 2637 421 2707 p.
453 2607 638 2684 1186b26.
658 2606 734 2681 οἷον
753 2612 842 2708 πρὸς
856 2612 881 2681 ά
897 2615 1040 2703 μάλλον
1054 2616 1277 2705 πεφύκαμεν,

187 2737 300 2805 ταῦτα
324 2735 467 2826 μάλλον
493 2730 635 2803 ἐναντία
667 2734 720 2828 τῴ
743 2741 858 2827 μίσῳ.
914 2731 999 2804 ibid.
1025 2727 1109 2805 ¹¹29.
1162 2732 1204 2806 E.
1230 2734 1275 2805 N.

187 2856 233 2948 11,
259 2853 292 2925 8.
319 2879 352 2950 p.
385 2851 570 2924 11119113.
597 2849 686 2948 πρὸς
714 2851 739 2920 ά
763 2853 835 2948 γάρ
862 2845 965 2927 adrat
988 2854 1133 2943 μᾶλλον
1162 2856 1278 2944 πεφά-

186 2985 302 3067 καμίν
326 2999 422 3060 πως,
450 2974 562 3042 ταῦτα
579 2973 723 3061 μᾶλλον
739 2969 885 3042 ἐναντία
909 2975 964 3043 τιό
983 2982 1085 3071 μέσῳ
1103 2981 1278 3065 φαίνεται.

186 3135 237 3147 -
261 3094 419 3166 Accedit
443 3094 549 3163 tertia
572 3092 677 3163 huius
705 3090 920 3164 discriminis
943 3114 1058 3166 causa
1080 3093 1121 3163 τό
1145 3092 1184 3165 δὲ
1204 3103 1278 3193 τρί-

189 3238 263 3299 τον,
289 3207 341 3283 ὅτι
367 3212 406 3283 τό
435 3208 645 3308 ὁμοιότερον
675 3203 778 3303 ἦττον
804 3210 967 3284 ἐναντίον
988 3222 1168 3305 φαίνεται,
1201 3209 1278 3285 olon

188 3330 414 3403 πέπονθετό
439 3330 581 3429 θάρσος
603 3330 693 3427 πρός
716 3330 760 3401 τά
785 3326 926 3428 θράσος
948 3339 1010 3403 καὶ
1035 3328 1170 3403 άσῳτία
1192 3332 1281 3430 πρὸς

187 3449 470 3548 ἐλευθεριότητα.
509 3452 580 3527 Pro
597 3448 720 3525 verbis
737 3452 826 3550 πρός
849 3451 889 3523 τὸ
916 3451 1055 3552 θράσος
1068 3454 1278 3527 necessario

188 3581 243 3645 est
260 3570 489 3644 scribendum
514 3570 626 3668 πρὸς
648 3570 725 3662 τὴν
750 3565 968 3670 άνόρείαν
993 3575 1188 3669 (interpres
1209 3573 1277 3645 La·

188 3688 286 3765 tinus
299 3690 408 3764 habet
426 3706 466 3764 nt
486 3690 657 3765 ααιΙαιιά
676 3691 733 3762 ad
751 3690 1054 3789 fortitudinem),
1080 3696 1167 3769 licet
1186 3697 1277 3766 haec

190 3813 395 3884 coniectura
420 3815 516 3885 nulla
532 3809 809 3885 commendetur
828 3814 889 3887 vel
909 3813 1092 3886 literarum
1115 3813 1277 3884 similitu-

190 3932 273 4005 dine
298 3936 358 4005 vel
383 3934 453 4005 alia
476 3932 637 4007 mutandi
662 3933 899 4026 proclivitate.
930 3935 1007 4011 Cf.
1033 3932 1077 4003 E.
1104 3931 1147 4002 N.
1174 3932 1219 4027 Η,
1242 3929 1276 4003 8.

191 4079 222 4149 p.
255 4051 350 4125 11119
358 4054 408 4125 16.
445 4056 498 4149 τῴ
523 4052 594 4146 γάρ
628 4049 818 4146 ἐγγύτερον
850 4044 941 4121 εἶναι
974 4057 1036 4123 καὶ
1070 4047 1280 4148 ὁμοιότερον

190 4173 227 4242 τό
253 4171 370 4272 ἕτερον
397 4168 508 4269 άκρον
533 4171 584 4266 τῷ
609 4177 729 4266 μίσῳ,
760 4162 804 4241 σά
829 4173 929 4244 τοότο
955 4166 1052 4240 άλλά
1077 4166 1280 4249 τούναντίον
