3200 4975
1210 473 1257 543 33

161 662 229 751 τὴν
252 657 413 751 δγίιιανει
456 652 603 728 Salubre
631 675 742 726 carisa
768 653 943 726 efficiens*
958 662 1016 725 est
1040 651 1255 726 valetudinis

158 805 208 854 ao
235 779 388 877 proinde
413 776 524 850 efficit
556 782 596 848 ut
621 775 668 845 sit
693 775 883 869 valetudo,
921 797 995 845 non
1021 783 1061 844 ut
1085 772 1256 845 valetudo

159 902 303 973 bonum
321 895 498 994 quoddam
520 896 577 967 sit.
629 893 735 966 Hanc
753 903 793 967 ut
809 893 1004 967 habeamus
1029 896 1256 987 sententiam,

161 1045 216 1095 ex
241 1023 410 1095 universa
434 1015 708 1112 argumentandi
724 1017 863 1088 ratione
880 1017 1144 1111 necessariam,
1169 1034 1257 1085 con·

162 1144 338 1214 finnatam
361 1137 515 1212 eandem
541 1137 713 1232 proximis
740 1136 862 1209 verbis
895 1134 946 1208 ἔτι
980 1132 1061 1207 οὐδε
1086 1115 1259 1207 δείκνυσιν

162 1257 291 1344 οὐδεὶς
315 1257 371 1332 ὅτι
398 1252 547 1350 υἷγαθδν
571 1253 593 1348 ἡ
619 1253 755 1348 ὑγίεια,
795 1278 870 1327 non
896 1255 1021 1328 dubito
1050 1278 1117 1353 pro
1142 1259 1257 1330 nomi·

119 1447 126 1456 .
161 1385 292 1454 nativo
318 1381 458 1452 articuli
481 1399 658 1474 reponere
676 1379 876 1472 genitivum
895 1378 1139 1448 αἴτιον-τοῦ
1154 1372 1260 1463 εἶναι,

164 1497 250 1574 ἀλλ’
276 1495 321 1572 οὗ
346 1505 422 1572 τοῦ
448 1492 596 1591 ἀγαθὸν
622 1492 712 1567 εἶναι
738 1497 800 1587 τὴν
825 1495 973 1588 ὑγίειαν.

272 1623 322 1715 ll,
352 1622 382 1692 l.
409 1645 445 1715 p.
463 1616 648 1689 lalus-20.
677 1613 815 1687 τούτων
841 1615 878 1687 δὲ
905 1621 1031 1686 τοῦτον
1049 1619 1109 1687 τὸν
1127 1613 1260 1715 τρόπον

168 1739 438 1837 διωρισμένων,
475 1741 628 1831 λέγομεν
665 1739 837 1829 (fortasse
862 1738 1099 1830 λέγωμεν)
1136 1731 1260 1808 ὅτιτὸ

119 1905 120 1910 1
168 1859 277 1959 ἔργον
301 1865 365 1932 τοῦ
389 1860 603 1957 πράγματος
626 1863 687 1926 καὶ
705 1861 766 1950 τῆς
782 1851 929 1954 ἀρετῆς,
956 1851 1036 1929 ‹ill’
1054 1852 1120 1948 οὐχ
1137 1854 1260 1928 ὡσαύ-

169 2005 251 2059 τως.
276 1980 496 2054 Addcndum
513 1986 571 2047 est
588 1970 695 2044 ταδτδ
709 1978 746 2045 in
764 1979 883 2070 priore
902 1979 1084 2049 enunciati
1099 1976 1261 2050 membro

169 2098 228 2172 ὅτι
254 2093 395 2170 robob
422 2097 462 2167 τδ
488 2094 593 2194 ἔργον
618 2097 919 2194 τοῦπράγματος
948 2102 1011 2168 καὶ
1043 2101 1103 2191 γῆς
1126 2090 1261 2197 α’ρυτῆς.

172 2220 443 2292 Emendationis
481 2217 616 2291 veritas
655 2226 693 2287 et
739 2238 787 2287 ex
832 2219 912 2310 ipso
951 2219 1022 2289 boc
1068 2222 1262 2292 enunciato

172 2343 420 2434 cognoscitur,
446 2340 615 2433 quoniam
641 2337 799 2430 alioquin
824 2335 937 2410 verba
959 2329 1040 2408 ἄλλ’
1057 2332 1122 2427 οὐχ
1139 2337 1262 2418 ιδσαύ-

120 2473 125 2495 '
171 2485 243 2539 τως
266 2482 341 2532 non
363 2457 545 2531 habebunt
570 2478 641 2554 quo
666 2457 889 2556 referantur,
916 2467 952 2531 et
981 2460 1155 2555 proximis
1179 2483 1262 2534 ver-

173 2583 230 2652 bis
247 2580 487 2675 confirmatur,
504 2601 613 2676 quum
629 2580 831 2675 respiciens
844 2580 890 2651 ad
907 2582 1093 2676 superiora
1109 2583 1264 2677 scriptor

122 2728 123 2739 ¹
174 2702 262 2773 dicit
286 2694 370 2771 ὥστ’
396 2698 493 2772 ἐπεὶ
517 2699 558 2771 τδ
593 2698 697 2799 ἔργον
722 2692 863 2793 ἀνάγκη
886 2699 924 2771 ἓν
948 2707 1011 2772 καὶ
1036 2694 1145 2774 ταδυδ
1171 2697 1263 2773 εἶναι

123 2834 124 2849 ’
175 2823 235 2913 τῆς
264 2824 379 2914 ψυχῆς
401 2826 466 2893 καὶ
490 2824 550 2912 τῆς
574 2814 707 2919 αρετῆς.
761 2822 817 2894 Cf.
836 2822 878 2893 E.
893 2821 937 2894 N.
956 2823 985 2915 I,
1008 2822 1041 2893 6.
1060 2845 1095 2918 p.
1112 2821 1261 2923 109828.

176 2942 226 3013 τὸ
259 2940 289 3015 δ’
323 2934 436 3013 αὐτό
471 2966 592 3035 φαμεν
625 2941 731 3040 ἔργον
756 2937 849 3013 εἶναι
874 2947 928 3039 τῷ
957 2953 1051 3033 γένει
1077 2941 1179 3014 τοῦδε
1202 2949 1265 3014 καὶ

175 3061 276 3134 τοῦδε
302 3061 504 3133 σπουδαίου.
543 3062 661 3134 Etiam
686 3062 903 3159 Magnorum
920 3063 1113 3136 Moralium
1138 3072 1265 3137 auctor

176 3184 326 3257 eandem
354 3204 437 3257 esse
465 3182 574 3256 docet
589 3192 703 3256 artem
728 3186 791 3259 vel
816 3185 1041 3280 facultatem,
1066 3206 1264 3281 perquam

176 3324 236 3375 res
274 3304 452 3397 quaelibet
484 3308 546 3377 vel
577 3306 724 3375 omnino
755 3305 817 3375 fiat
853 3309 915 3378 vel
952 3302 1047 3376 bona
1076 3306 1263 3380 efficiatur

178 3422 228 3495 M.
255 3421 307 3493 M.
334 3423 370 3516 l,
397 3424 430 3495 3.
457 3449 490 3519 p.
523 3422 710 3497 llalbll.
754 3424 818 3498 ἐάν
857 3450 908 3503 τις
946 3430 1061 3519 σκοπῇ
1098 3424 1155 3497 ἐπὶ
1193 3430 1266 3498 τῶν

180 3540 381 3638 ἐπιστημῶν
405 3548 543 3630 πασῶν,
575 3541 704 3639 ὄψεται
730 3540 810 3617 aria
835 3541 979 3637 ἄλλην
1003 3549 1071 3638 μὲν
1094 3551 1266 3621 ποιοῦσαν
1295 3606 1303 3620 .

183 3661 303 3752 οἰκίαν,
334 3659 477 3756 ἄλλην
507 3663 545 3734 δὲ
570 3664 778 3751 σπουδαίαν,
818 3658 915 3736 ἄλλα
939 3666 1002 3757 τὴν
1025 3664 1265 3760 οἶνοδομικήν.

182 3785 242 3849 καὶ
275 3779 316 3855 οὗ
349 3788 530 3878 ποιητικὸς
567 3781 588 3855 δ
616 3782 805 3877 οἰκοδόμος
809 3837 822 3872 ,
860 3782 882 3878 ἡ
914 3789 1039 3859 τούτου
1072 3781 1178 3883 riperti
1203 3788 1267 3858 rori

183 3891 290 3971 αὐτοῦ
306 3902 430 3978 τούτου
447 3908 620 3998 ποιητική.
656 3903 829 3977 Extrema
845 3928 937 4001 quae
955 3910 1136 3981 attulimus
1153 3906 1267 3980 verba

182 4020 372 4093 manifesto
395 4049 524 4100 manea
549 4036 657 4113 sunt;
700 4032 779 4097 erat
809 4028 906 4099 enim
932 4028 1142 4124 dicendum,
1168 4028 1266 4123 quod

184 4142 386 4217 aedificator
411 4148 560 4246 efficiat,
599 4145 695 4219 idem
727 4168 794 4243 per
827 4149 995 4222 virtutem
1027 4143 1266 4222 aedificatoris

828 4276 847 4331 a
