3200 4975
355 501 404 578 34

354 696 453 764 recte
479 708 522 760 ac
548 685 755 762 bene-fieri.
805 687 894 762 Inde
920 690 952 761 si
968 690 1219 785 scripserimus
1238 696 1306 763 ,τοῦ
1330 684 1458 764 adteri

273 863 278 876 .
355 807 481 882 τούτου
504 803 551 881 εὖ
581 809 742 899 ποιητική
773 809 942 882 codicum
966 812 1075 884 etiam
1105 811 1215 884 fidem
1241 813 1288 884 ad
1308 815 1456 885 'confir-

353 931 519 1004 mandam
561 927 852 1003 emendationem
890 931 1061 1005 adlribere
1099 953 1311 1028 possumus,
1349 936 1461 1014 alter

354 1055 449 1125 enim
467 1050 534 1125 Mb
561 1071 627 1145 pro
653 1053 817 1144 ποιητική
841 1050 950 1125 habet
975 1048 1015 1126 εὖ
1046 1062 1218 1146 ποιητέον.
1271 1053 1460 1128 ceterum

352 1173 399 1243 cf.
426 1171 468 1248 Ε.
493 1170 539 1244 N.
565 1170 600 1266 1,
627 1169 661 1242 7.
688 1195 723 1266 p.
755 1171 942 1243 1098·st
970 1171 1186 1271 κιθαριστοῦ
1210 1176 1278 1266 μὲν
1301 1172 1380 1272 γὰρ
1415 1178 1459 1248 τὸ

350 1406 480 1512 ἀνδρὸς
493 1407 541 1482 εὖ
572 1411 687 1481 ταῦτα
703 1415 766 1481 καὶ
780 1412 913 1489 καλῶς.
965 1411 1145 1486 Particula
1162 1411 1221 1503 eri,
1247 1437 1353 1512 quam
1375 1419 1460 1490 hoe

349 1537 433 1605 loco
463 1534 553 1605 alter
586 1553 608 1603 e
639 1531 745 1604 codd.
779 1534 942 1608 servavit
966 1537 1057 1606 alter
1085 1535 1227 1632 omisit,
1267 1539 1459 1632 proximis

349 1656 387 1726 in
416 1651 539 1726 verbis
572 1676 620 1727 ex
649 1661 802 1750 utroque
833 1654 979 1727 excidit.
1032 1654 1141 1743 Quod
1166 1658 1263 1730 enim
1286 1659 1458 1752 legimus

348 1773 400 1847 m
428 1773 479 1846 uu
508 1774 537 1867 n
563 1772 597 1842 ι.
625 1795 659 1866 p.
683 1753 871 1843 118211225.
899 1772 941 1843 u
967 1767 1059 1844 ιοιι
1083 1788 1129 1865 γι
1152 1786 1212 1848 ιιι
1231 1801 1353 1870 φαμι
1383 1777 1459 1872 τήν

350 1917 387 1962 τε
417 1891 535 1986 ψυχήν
559 1893 673 1961 ποιεῖν
704 1897 767 1963 καὶ
799 1892 862 1985 τήν
892 1896 952 1985 τής
983 1898 1099 1990 ψυχῆς
1131 1889 1269 1993 ἄρετήν.
1309 1890 1396 1970 ἀλλ’
1432 1898 1458 1992 ή

347 2019 416 2109 μιν
441 2007 549 2112 ἀρετή
583 2011 621 2086 ἐν
646 2010 786 2113 ἑκάστῳ
813 2018 918 2088 τοῦτο
943 2020 1039 2090 ποιεῖ
1068 2009 1111 2090 ol
1137 2015 1231 2089 ἐστιν
1262 2011 1372 2116 οἷριτή
1380 2073 1397 2107 ,
1429 2017 1457 2112 ή

348 2133 385 2204 δὲ·
409 2133 507 2228 ιγιιχή
531 2137 593 2200 καὶ
617 2124 734 2198 τᾶλλα
759 2142 841 2220 μέν,
867 2142 967 2221 ψυχῇ
990 2137 1031 2204 δὲ
1054 2143 1189 2227 ζῶμεν,
1214 2138 1276 2210 διὰ
1301 2140 1366 2232 τήν
1385 2146 1459 2233 τῆς

347 2256 461 2348 ψογής
484 2242 611 2348 ἀρετήν
637 2242 708 2347 ἄρον
732 2240 773 2320 εὖ
797 2243 963 2339 ζήσομεν,
989 2258 1152 2340 apertum
1176 2267 1236 2325 est
1261 2261 1307 2329 ad
1333 2265 1456 2333 τοῦτο

345 2375 440 2444 ποιεῖ
462 2373 671 2471 particulam
698 2363 745 2440 εὖ
776 2366 978 2439 addendam
1004 2387 1106 2464 esse,
1133 2369 1238 2439 τοῦτο
1272 2369 1321 2441 εὖ
1344 2387 1462 2452 ποιεῖ

346 2490 388 2568 οὔ
414 2494 508 2570 ἔστιν
534 2485 651 2589 ἀρετή.
712 2488 938 2586 Quamquam
962 2491 1013 2562 ita
1038 2489 1197 2563 nondum
1222 2499 1455 2585 persanatus

345 2638 429 2689 esse
461 2618 564 2687 locus
591 2610 793 2699 videbitur3
846 2608 959 2684 verba
985 2612 1082 2683 enim
1119 2607 1142 2703 ή
1176 2610 1214 2683 di·
1243 2613 1341 2707 ιγνχή
1375 2623 1453 2689 καὶ

345 2732 459 2807 τᾶλλα
480 2744 550 2827 μέν
575 2732 757 2828 quomodo
783 2734 845 2806 vel
870 2730 1113 2805 construenda
1138 2734 1211 2805 sint
1235 2738 1296 2809 vel
1321 2738 1446 2829 expli-

344 2856 459 2929 canda
485 2855 577 2928 adeo
602 2875 678 2926 nun
702 2874 852 2950 possum
877 2855 1106 2949 perspicere,
1131 2862 1172 2926 ut
1197 2854 1315 2928 donec
1332 2859 1444 2929 meli·

344 3000 408 3049 ora
432 2979 522 3050 alius
539 2976 726 3071 protulerit
748 2974 945 3048 recidenda
961 2996 1046 3047 esse
1064 2995 1237 3047 censeam
1252 2997 1315 3072 ea,
1339 2998 1442 3071 quae

343 3099 492 3192 intelligi
516 3117 590 3169 non
616 3104 778 3193 possunt.
830 3095 955 3194 Itaque
980 3097 1076 3168 hunc
1101 3096 1140 3167 in
1156 3096 1303 3169 modum
1321 3118 1440 3169 enun-

343 3217 451 3291 ciatiu
476 3217 621 3291 videtur
644 3215 837 3291 scribenda
859 3201 968 3291 esse:
1013 3208 1094 3287 ἀλλ’
1119 3210 1141 3306 ή
1165 3220 1235 3307 μὲν
1265 3209 1373 3313 ιῖριτή
1400 3216 1441 3289 ἐν

341 3334 481 3435 ἑκάστῳ
506 3342 611 3411 τοῦτο
637 3333 675 3410 εὖ
704 3341 801 3409 ποιεῖ
814 3330 857 3409 uri
874 3336 968 3410 ἐστὶν
985 3329 1105 3435 ἅρειή,
1130 3340 1230 3430 ψυχή
1246 3336 1284 3407 δὲ
1298 3340 1438 3428 ζῶμεν,

341 3456 402 3529 διὰ
424 3461 488 3552 τήν
510 3461 570 3552 τής
594 3461 709 3554 ψυχῆς
732 3451 861 3555 ἀρετήν
886 3453 958 3556 ἄρα
989 3452 1028 3528 εὖ
1057 3458 1222 3550 ζήσομεν.

444 3580 519 3652 Sed
544 3581 735 3654 redeamus
768 3578 815 3649 ad
847 3577 1035 3651 Eudemia.
1101 3576 1153 3650 lbi
1184 3599 1278 3674 quae
1310 3581 1436 3652 locum

341 3699 451 3771 modo
476 3706 666 3774 tractatum
691 3701 855 3796 proxime
882 3706 1082 3795 sequuntur
1112 3702 1193 3796 plus
1223 3718 1296 3769 uuo
1322 3699 1435 3772 modo

340 3821 510 3894 videntur
554 3818 749 3913 depravata
786 3842 881 3893 esse.
960 3819 1052 3892 Nam
1095 3821 1247 3913 primum
1286 3817 1433 3913 quidem

340 3942 437 4035 quod
470 3939 636 4014 scribitur
667 3939 707 4012 11
715 3995 726 4037 ,
764 3937 795 4012 l.
823 3965 857 4035 p.
888 3937 1075 4012 lateus.
1114 3936 1168 4010 ἔτι
1198 3936 1292 4010 ἔστω
1317 3945 1432 4033 ιγιιχής

340 4058 445 4156 ἔργον
477 4061 517 4132 τὸ
549 4062 612 4152 ζήν
644 4065 770 4148 ποιεῖν,
811 4063 874 4130 τοῦ
907 4057 947 4131 δὲ
974 4063 1100 4158 χρῆσις
1121 4064 1185 4129 nui
1209 4055 1427 4156 ἐγρήγορσις,

340 4182 485 4257 dubium
503 4188 650 4255 nonest
676 4183 761 4277 quin
787 4202 853 4277 pro
877 4182 1053 4277 particula
1077 4184 1141 4249 aui
1165 4179 1354 4275 ponendus
1380 4183 1426 4252 sit
