3200 4975
1227 452 1276 523 59

180 637 320 709 bestias
352 642 504 729 possunt
536 633 773 706 intercedere.
808 630 846 702 ci
871 630 902 700 δ’
929 626 1037 701 ἄλλαι
1062 623 1125 702 καὶ
1150 632 1188 704 ἐν
1205 637 1278 713 τοῖς

180 756 346 854 θηρίοις,
371 759 434 824 καὶ
452 754 492 824 τὸ
512 757 693 851 χρήσιμον
718 751 775 824 ἐπὶ
799 753 932 849 μικρόν
957 777 992 822 τι
1017 761 1180 843 φαίνεται
1198 751 1277 824 ἓνο-

180 879 340 973 πάρχον,
377 875 554 972 καὶπρὸς
585 870 784 968 ἄνθρωπον
817 875 890 949 τοῖς
919 869 1061 968 ἡμέροις
1097 878 1160 942 καὶ
1190 875 1279 970 πρὸς

185 993 340 1086 ἄλληλα.
364 995 422 1088 (p.
453 990 639 1081 lasabi.)
683 993 771 1065 Post
795 990 939 1087 θηρίοις
961 993 1165 1066 addendum
1191 989 1279 1079 οἷς,

187 1125 230 1188 ut
248 1123 302 1188 est
318 1115 413 1209 apud
429 1115 661 1208 interpretem
674 1112 839 1198 Latinum
857 1125 999 1185 ceterae
1015 1127 1143 1186 autem
1160 1115 1278 1187 etiam

168 1237 277 1330 seris
310 1235 405 1306 inter
439 1259 478 1306 se
509 1248 618 1320 sunt,
657 1231 723 1308 ubi
750 1232 869 1308 etiam
909 1232 1044 1334 πῖν’(μιο
1082 1234 1279 1307 mediocris

187 1357 306 1428 elucet
327 1348 477 1428 utilitas.
502 1401 542 1414 -
568 1356 625 1426 Ac
650 1362 797 1449 propter
823 1357 1045 1448 voluptatem
1071 1353 1217 1448 quidem
1243 1366 1281 1428 et

185 1485 336 1571 propter
374 1478 560 1546 utilitatem
599 1477 707 1545 etiam
744 1474 829 1544 mali
857 1476 1021 1546 homiues
1054 1476 1162 1545 amici
1195 1497 1279 1547 esse

187 1602 361 1691 possunt,
399 1598 487 1667 licet
523 1593 702 1667 interdurn
739 1594 887 1664 iniurias
925 1592 994 1664 sibi
1029 1594 1203 1690 inferant,
1242 1596 1280 1666 id

189 1715 287 1810 quod
316 1737 426 1790 verae
460 1737 504 1787 ac
537 1715 724 1810 primariae
750 1714 929 1785 amicitiae
959 1721 1144 1806 repugnat.
1184 1713 1219 1784 oi
1243 1713 1282 1786 δὲ

189 1838 333 1925 φιλοῦσι
363 1847 444 1929 μέν,
483 1830 563 1906 ἀλλ’
593 1829 635 1905 οὗ
667 1835 728 1924 τὴν
760 1828 905 1928 πρώτην
937 1834 1074 1921 φιλίαν,
1112 1830 1187 1903 ἐπεὶ
1219 1837 1283 1913 τάς

186 1979 233 2045 γε
263 1954 385 2052 ἑτέρας
410 1949 535 2030 οὐθεὶς
557 1948 700 2022 κωλύοι.
727 1953 778 2046 (p.
796 1947 1002 2042 1236b15.)
1042 1950 1280 2026 Scribendum

188 2082 269 2166 est,
287 2072 384 2167 quod
401 2076 576 2166 interpres
589 2071 736 2144 Latiuus
749 2071 927 2146 vertendo
945 2069 1115 2167 exhibuit,
1142 2069 1283 2146 οὐθὲν

191 2194 347 2278 κωλύει,
385 2213 476 2288 quae
510 2193 663 2264 formula
688 2193 981 2286 frequentissima
1013 2201 1070 2264 est
1102 2192 1148 2263 ad
1173 2196 1282 2286 signi-

191 2313 370 2384 ficandum
395 2312 432 2384 id
458 2312 555 2408 quod
579 2312 658 2383 fieri
682 2317 813 2404 potest.
840 2310 890 2382 cf.
908 2309 949 2382 E.
966 2310 1009 2382 Ε.
1028 2311 1056 2406 Ι,
1074 2312 1107 2384 6.
1135 2337 1169 2407 p.
1187 2313 1282 2385 1216

190 2430 285 2529 ¹115,
324 2433 377 2525 ΙΙ,
407 2432 463 2504 10.
491 2456 526 2526 p.
557 2423 749 2527 lumb-24,
793 2429 1206 2527 111,1.p.1·2·29¹›19,
1245 2443 1283 2507 et

191 2558 311 2649 ipsum
336 2553 569 2625 Aristotelem
594 2553 685 2624 locis
710 2554 906 2647 permultis.
926 2598 966 2611 -
990 2554 1064 2625 Sed
1090 2555 1151 2648 qui
1167 2555 1284 2649 possit

191 2677 288 2771 fieri,
315 2683 355 2747 ut
379 2676 464 2745 mali
489 2676 597 2745 etiarn
626 2674 791 2745 homines
825 2674 1020 2767 voluptatis
1054 2693 1164 2746 causa
1195 2675 1282 2745 ami·

194 2798 314 2868 citiam
346 2796 576 2889 contrahant,
602 2794 775 2889 proximis
793 2790 917 2866 verbis
936 2795 1090 2887 scriptor
1108 2796 1285 2866 rationem

194 2916 333 2989 reddit:
410 2912 454 2984 δα
493 2911 621 3005 ἡδονὴν
669 2914 740 3007 γὰρ
789 2910 1066 2984 ὑπονοοῦσιν
1113 2906 1286 3003 ἀλλήλους

194 3037 462 3127 βλαπτόμενοι,
513 3032 563 3111 ὥς
594 3028 638 3103 ἄν
675 3026 762 3103 ὦσιν
789 3027 963 3132 αἰιρατεῖς.
1028 3034 1143 3103 Immo
1176 3029 1198 3103 ὖ
1205 3057 1285 3103 πο-

196 3165 410 3248 μένουσιν
443 3139 617 3245 ἀλλήλους
640 3155 910 3247 βλαπτόμενοι,
944 3174 1028 3225 suas
1045 3154 1203 3226 invicem
1229 3154 1283 3225 fe·

196 3283 279 3346 runt
295 3277 451 3371 iniurias,
478 3275 585 3346 sicuti
600 3277 844 3368 intemperans
860 3275 1055 3367 voluptatis
1077 3294 1188 3344 causa
1204 3294 1286 3343 cam

195 3395 362 3465 iniuriam
386 3397 554 3491 sustinet,
586 3416 692 3489 quam
718 3393 786 3466 sibi
810 3396 890 3489 ipse
914 3395 1024 3466 infert
1050 3416 1159 3489 quum
1185 3394 1292 3488 cupi-¹

196 3513 365 3587 ditatibus
392 3514 598 3611 obsequitur
622 3518 790 3608 neglecto
815 3518 964 3588 rationis
989 3514 1150 3607 imperio.

297 3634 378 3731 Vll,
406 3633 439 3708 2.
466 3660 501 3731 p.
532 3632 724 3707 1236b23.
764 3634 807 3703 τὸ
831 3638 900 3724 μὲν
924 3628 987 3703 οὗν
1015 3631 1155 3713 ἐκείνως
1169 3636 1287 3725 μόνον

198 3755 313 3843 λέγειν
339 3756 401 3826 τὸν
422 3758 527 3846 φίλον
552 3756 597 3846 (i.
619 3778 651 3825 e.
679 3774 744 3825 eos
762 3753 872 3827 modo
897 3755 1034 3828 amicos
1060 3756 1199 3846 dicere,
1226 3754 1287 3845 qui

198 3881 342 3968 propter
364 3878 547 3967 ,virtutem
583 3877 676 3947 hanc
708 3876 865 3948 inierunt
893 3874 1126 3963 societatem)
1164 3873 1288 3964 βιάζε-

198 3993 288 4064 σθαι
303 3997 346 4065 τοι
361 3997 564 4089 μαινόμενα
577 3994 663 4082 ἐστι,
674 4000 736 4065 καὶ
748 3995 934 4092 παράδοξα
947 3999 1065 4088 λέγειν
1077 3987 1286 4085 αναγκαῖον·

198 4114 286 4185 καθ’
313 4114 376 4187 ἕνα
404 4114 440 4187 δὲ
460 4118 571 4208 λόγον
588 4116 703 4193 πάσας
729 4116 930 4189 δυνατόν.
989 4115 1198 4209 Legendum
1231 4120 1287 4185 est
