3200 4975
356 508 401 578 38

302 735 306 742 ·
353 699 415 765 aul
440 695 478 766 ui
503 696 673 798 ἐνέργειαι
699 699 744 780 ἐν
769 707 862 784 τοῖς
886 699 1040 784 αὐτοῖς
1064 703 1217 778 ἔσονται.
1269 705 1446 780 Confem·

353 816 460 886 etiarn
483 829 604 914 potest
634 824 665 894 is
694 826 798 898 locus
824 849 846 899 e
872 826 1016 922 Magnis
1040 826 1256 922 Moenibus,
1294 825 1356 900 ubi
1391 829 1447 900 de

353 934 480 1009 eadem
505 964 545 1012 re
570 941 784 1044 disputatur⁷
811 947 841 1044 1,
869 947 903 1021 5.
929 971 964 1044 p.
979 944 1286 1043 naono-32,
1312 969 1447 1044 quam-

352 1078 457 1152 quam
484 1082 530 1132 ne
557 1063 588 1134 is
614 1066 759 1161 quidem
784 1070 926 1164 integer
951 1091 1035 1142 esse
1061 1091 1083 1141 a
1107 1071 1309 1164 corruptela
1333 1069 1448 1142 vide·

352 1182 419 1248 tur.
473 1178 581 1268 Quod
613 1190 709 1260 enim
740 1188 789 1261 ibi
822 1192 859 1260 in
890 1197 992 1260 textu
1022 1189 1209 1263 exhibetur
1241 1193 1338 1260 ταῦθ
1365 1185 1449 1290 ἄρα

351 1303 413 1368 καὶ
430 1296 529 1387 αὔξει
554 1312 616 1376 καὶ
642 1307 783 1404 φθείρει
810 1309 872 1400 τήν
897 1304 1038 1405 ἀρετήν,
1063 1331 1129 1406 pro
1147 1312 1260 1382 ταῦτα
1277 1308 1448 1384 seriben-

352 1417 435 1490 dum
469 1446 552 1496 esse
587 1421 746 1515 ταύτά,
784 1430 882 1525 quod
906 1429 1012 1505 Valla
1044 1429 1220 1506 vertendo
1246 1437 1449 1532 expressit,

351 1545 389 1609 et
414 1561 460 1612 ex
484 1545 576 1618 loeis
600 1551 721 1644 paullo
747 1558 829 1623 ante
856 1553 1146 1625 commemoratis
1171 1559 1209 1624 et
1226 1575 1246 1623 e
1265 1555 1449 1647 proximis

350 1659 471 1735 verbis
489 1662 539 1737 Μ.
555 1665 606 1741 Μ.
625 1681 773 1766 apparet
789 1670 860 1742 ὑπὸ
885 1676 973 1743 τῶν
998 1667 1136 1746 αὐτῶν
1160 1668 1233 1771 ἄρα
1248 1678 1310 1744 καὶ
1332 1672 1449 1761 αὔξε-

351 1801 411 1852 ται
435 1791 497 1854 καὶ
522 1785 710 1886 φθείρεται
735 1787 757 1881 ἡ
782 1784 899 1889 ἀρετή.

450 1903 500 2000 11,
528 1906 561 1979 3.
595 1931 631 2007 p.
662 1909 845 1986 1221219.
872 1911 931 1987 20.
995 1911 1211 1986 Rectissime
1249 1913 1448 2006 Bekkerus

350 2031 475 2096 contra
506 2030 673 2103 codicum
700 2037 950 2108 auctoritatem
976 2037 1163 2110 articulum
1189 2032 1209 2106 ὅ
1236 2046 1319 2108 ante
1347 2033 1449 2110 ἀκό-

349 2146 479 2223 λαστος
504 2150 642 2244 omisit,
675 2150 741 2220 sed
767 2171 836 2219 nec
863 2157 1037 2244 particula
1060 2161 1123 2222 καὶ
1147 2166 1230 2229 ante
1257 2155 1280 2228 ὅ
1306 2155 1448 2230 ἐπιθα-

348 2267 494 2357 ,ιιητιιιὸς
537 2269 684 2342 retineri
726 2291 836 2365 posse
874 2267 1055 2343 uidebitur
1095 2273 1298 2346 conferenti
1343 2302 1448 2372 quae

350 2385 445 2464 hunc
471 2392 592 2463 locum
618 2399 656 2463 et
681 2391 899 2464 antecedunt
919 2391 1083 2488 proxime
1105 2397 1143 2462 et
1159 2387 1447 2489 subsequuntur.

351 2510 464 2604 -11‚
491 2511 525 2583 7.
551 2536 585 2608 p.
604 2507 787 2584 lauabat.
822 2510 857 2583 εἰ
879 2512 910 2586 δ’
936 2506 1112 2585 ἀδύνατον
1136 2510 1178 2584 τὸ
1203 2504 1293 2585 aurci
1307 2510 1448 2587 ἑκόντα

350 2634 412 2701 καὶ
437 2626 572 2704 ἄκοντα
597 2627 764 2733 πράττειν
785 2624 864 2725 ἅμα
886 2633 933 2704 τὸ
959 2633 1105 2705 κατὰτὸ
1133 2629 1220 2706 uitro
1238 2637 1301 2707 τοῦ
1316 2637 1445 2733 πράγ-

349 2776 474 2847 ματος.
531 2754 602 2828 Pro
635 2748 714 2847 ἅμα
746 2754 794 2826 τᾶ
819 2754 914 2825 κατα
932 2754 972 2825 τὸ
994 2747 1084 2826 αὐτὸ
1102 2779 1132 2826 τ.
1150 2780 1187 2827 π.
1205 2755 1443 2830 scribendum

350 2872 494 2949 videtur
519 2870 599 2969 ἅμα
623 2881 698 2947 καὶ
722 2874 816 2948 κατὰ
842 2876 883 2947 τὸ
910 2871 999 2947 aava
1024 2897 1055 2949 τ.
1077 2902 1115 2949 π.
1168 2878 1224 2950 Cf.
1239 2876 1328 2950 Met.
1343 2882 1385 2950 B.
1401 2878 1439 2951 3.

350 3021 383 3091 p.
413 2992 596 3070 10051219.
629 2998 669 3069 τό
694 2998 766 3096 γὰρ
800 2991 888 3069 αὐτὸ
923 2991 1003 3092 ἅμα
1035 2995 1204 3097 ὑπάρχειν
1230 3023 1267 3069 τε
1298 3002 1440 3092 καὶμὴ
1467 3038 1469 3076 ι

350 3112 520 3217 ὑπάρχειν
545 3111 721 3191 ἀδύνατον
747 3122 798 3216 τῷ
825 3111 924 3216 αὕτῴ
948 3123 1010 3189 καὶ
1040 3109 1135 3192 κατα
1166 3120 1207 3192 τό
1234 3112 1334 3191 αὐτό.

450 3238 501 3337 11,
528 3238 562 3313 8.
588 3264 622 3338 p.
654 3236 834 3313 12241129
857 3247 895 3312 et
913 3238 971 3311 35.
1032 3239 1115 3329 Quo
1142 3242 1272 3313 clarius
1298 3242 1436 3336 perspi-

350 3362 465 3434 ciatur
496 3362 582 3457 quid
611 3371 739 3459 sponte
772 3362 896 3434 facere
930 3360 1106 3459 dicamur,
1144 3362 1229 3458 quid
1261 3362 1363 3436 inviti
1397 3369 1438 3434 et

351 3484 487 3579 coacti,
523 3481 780 3556 Eudemiorum
805 3478 938 3554 'auctor
963 3485 1219 3577 temperantiae
1246 3490 1284 3554 et
1308 3486 1438 3554 intem·

351 3607 533 3707 perantiae
565 3606 733 3678 notiones
763 3606 814 3677 ita
845 3601 1004 3698 adhibet,
1043 3611 1083 3675 ut
1122 3627 1169 3677 ex
1207 3605 1250 3675 iis
1287 3610 1435 3675 moveat

350 3725 503 3820 primum
529 3724 756 3799 difficultates
789 3732 827 3798 et
852 3722 1108 3822 dubitationes,
1133 3725 1262 3798 deinde
1288 3720 1435 3796 easdem

352 3849 482 3942 solvat,
508 3846 704 3941 solutisque
722 3847 890 3919 notiones
913 3850 976 3917 τοῦ
993 3843 1151 3915 ἑκουσίαν
1176 3852 1214 3916 et
1239 3845 1302 3912 τοῦ
1327 3836 1433 3915 ἄιεν·
1464 3885 1466 3994 ρ

353 3974 429 4039 σίου
453 3969 615 4039 illustret.
668 3964 786 4054 Quum
806 3970 957 4039 enimet
981 3966 1019 4035 in
1044 3971 1264 4063 temperante
1290 3965 1431 4040 homine

353 4095 391 4161 et
420 4090 457 4160 in
482 4090 741 4184 intemperante
767 4090 908 4162 interna
933 4085 1107 4184 quaedam
1133 4087 1179 4159 sit
1204 4089 1430 4183 repugnantia

338 4196 555 4305 ¹cupiditatis
586 4216 623 4281 et
655 4209 818 4304 rationis⁷
857 4219 962 4307 atque
1000 4211 1067 4281 hae
1101 4210 1208 4281 animi
1246 4208 1428 4279 facultates
