3200 4975
1207 489 1252 559 77

263 699 299 770 p.
331 674 517 747 1245212.
546 673 602 746 ἐπὶ
629 679 700 746 min
724 677 907 747 κοινωνῶν
932 676 1076 772 πρῶτον
1100 674 1161 743 καὶ
1187 675 1258 750 τοῖς

168 769 294 872 nilion
305 797 426 891 ζῴοις,
452 789 527 866 οἷον
545 795 586 866 τί
615 793 814 866 συνεσθίειν
830 790 852 887 ἢ
867 795 906 866 τὸ
924 791 1119 887 συμπίνειν.
1157 791 1257 888 Lege

166 911 222 984 ἐπὶ
243 917 316 985 τῶν
340 920 495 986 κοινῶν
520 918 662 1013 πρῶτον
683 956 747 1004 -,
774 910 850 986 olon
866 918 945 986 τοῦ
970 935 1002 986 σ.
1020 910 1052 1006 ἢ.
1069 917 1141 985 τοῦ
1158 933 1191 985 σ.
1208 951 1260 966 --
1377 981 1382 990 .

167 1032 244 1106 ³18.
272 1026 317 1106 οὕ
341 1032 453 1125 φίλος.
497 1034 733 1109 Scribendum
750 1035 895 1110 videtur
919 1031 1072 1126 ίφίλος.
1097 1074 1148 1089 -
1171 1028 1258 1106 ¹³14.

167 1150 219 1225 tu
247 1156 319 1253 γὰρ
345 1152 366 1225 ὅ
391 1152 481 1234 θείς
504 1150 547 1226 οὗ
576 1159 733 1234 τοιοῦτος
765 1149 841 1226 οίον
873 1152 1017 1226 ίεῖσθοιι
1049 1154 1170 1246 φίλον,
1203 1160 1263 1225 καὶ

170 1276 230 1345 τὸν
248 1269 376 1367 ὅμοιον
406 1267 516 1359 οίξίοο.
579 1275 750 1362 Fortasse
778 1274 1007 1348 scribendum
1034 1269 1077 1347 οὐ
1105 1279 1285 1352 τοιοῦτος·

170 1390 264 1473 οίος
288 1393 433 1465 δεῖσθαι
451 1392 568 1486 φίλοιν,
594 1401 654 1466 καὶ
672 1397 734 1467 τὸν
760 1391 888 1488 ὅμοιον
905 1390 1036 1480 ἄξιοί.
1061 1438 1111 1449 -
1135 1392 1215 1467 ¹³30.
1243 1384 1265 1488 ἢ

170 1518 294 1613 μήτηρ.
312 1512 411 1610 Lege
429 1511 450 1607 ἡ
467 1511 595 1612 μήτηρ.
608 1557 658 1569 —-
672 1512 750 1588 ¹³37.
770 1513 821 1593 ὥς
835 1513 900 1608 ἡδο)
926 1516 988 1586 τὸν
1005 1514 1121 1607 φίλον.
1172 1518 1263 1590 Sen-

171 1613 363 1708 tentiarum
386 1636 478 1706 ratio
501 1635 661 1729 flagitare
679 1637 823 1710 videtur
847 1642 887 1709 ut
912 1632 1088 1710 scribatur
1112 1633 1163 1716 ὥς
1186 1638 1266 1708 λυ-

172 1761 269 1827 πεῖν
294 1757 358 1829 τόν
375 1756 491 1843 φίλον.

272 1900 306 1972 p.
337 1875 499 1948 lateat.
530 1874 614 1948 Non
629 1876 947 1972 praetermittenda
964 1880 1111 1971 elegans
1129 1875 1265 1949 Casan·

173 1997 261 2070 boni
295 1998 505 2067 coniectura
538 1993 613 2066 ίιιεὶ
638 1994 676 2066 δὲ
707 1988 841 2087 ἄδηλον
866 1994 908 2066 το
933 1997 1079 2067 πόσον
1097 1987 1102 1994 ’
1119 1997 1268 2068 δίναισι

175 2119 217 2188 τὸ
248 2109 347 2209 ἅμα,
384 2110 450 2207 ἤδη
481 2103 708 2215 διαφέρονται
732 2116 792 2188 καί
825 2115 994 2188 οἴονται
1034 2115 1075 2185 τὸ
1107 2125 1268 2208 μετέχειν

129 2315 130 2318 ¹
176 2232 253 2329 ἅμα
279 2239 426 2307 πάντων
443 2227 597 2329 φιλικόν.
632 2276 682 2288 -
717 2235 797 2308 ³18.
825 2237 897 2309 Pro
927 2233 962 2306 εί
983 2229 1089 2315 οὗτός
1111 2237 1267 2311 fortasse

129 2335 130 2366 ³
177 2355 406 2430 scribendum
431 2350 522 2449 estq}
547 2347 665 2442 οίτός,
691 2363 729 2428 et
752 2362 837 2451 post
862 2375 907 2428 ea
931 2352 1044 2429 verba
1069 2360 1170 2454 0010,
1195 2379 1270 2430 non

176 2487 310 2575 puneto
328 2475 630 2573 distinguendum,
653 2484 694 2549 ut
710 2473 754 2549 ab
772 2468 864 2549 ὥστε
880 2474 1052 2571 apodosis
1067 2476 1269 2575 incipiatur,

178 2602 223 2671 ef.
252 2624 286 2695 p.
317 2599 376 2673 60.

270 2719 338 2791 -Ad
374 2725 536 2791 extrema
561 2725 727 2813 quattuor
751 2716 1011 2789 Eudemiorum
1042 2721 1161 2813 capita
1185 2721 1268 2793 inde

179 2864 201 2912 a
231 2841 339 2913 tertio
372 2839 515 2909 decimo
547 2835 757 2910 Leonardus
799 2838 958 2933 Spengel
989 2845 1154 2911 veterem
1186 2864 1269 2916 ver-

179 2964 320 3033 sionem
345 2958 507 3031 Latinam
533 2980 580 3030 ex
604 2960 753 3031 meliore
789 2957 918 3031 codice
944 2958 1149 3031 confectam
1183 2982 1270 3033 eon-

180 3084 260 3153 tulit
291 3083 335 3170 (l.
361 3083 384 3150 l.
411 3103 445 3175 p.
475 3078 724 3173 534-551.),
763 3080 913 3174 eiusque
942 3080 1097 3173 vestigia
1121 3092 1271 3157 secutus

180 3204 218 3273 in
251 3204 319 3272 hae
351 3202 621 3296 corruptissima
650 3198 730 3271 libri
762 3208 862 3295 parte
893 3200 1045 3295 plurima
1083 3201 1273 3277 evidenter

128 3418 129 3425 ἵ
182 3330 220 3392 et
245 3322 433 3413 ingeniose
460 3320 675 3393 emendavit.
