3200 4975
175 1517 442 1668 Triaexstant
458 1583 552 1654 inter
568 1577 678 1651 libros
695 1575 949 1649 Aristotelicos
967 1578 1118 1674 scripta,
1144 1576 1273 1674 quibus

179 1689 412 1776 (1331313313
434 1700 594 1774 moribus
621 1699 838 1796 explicatur,
862 1694 993 1769 Ethica
1017 1695 1274 1796 Nicomachea

177 1825 306 1898 Ethica
327 1823 523 1918 Eudemia,
549 1821 685 1916 Magna
708 1819 875 1892 Moralia.
915 1817 1021 1906 Quae
1039 1839 1149 1914 quum
1165 1817 1275 1894 rebus

177 1947 266 2042 ipsis
291 1965 439 2041 prorsus
464 1945 560 2015 inter
585 1963 626 2012 se
653 1942 848 2010 concinant
867 1937 1066 2034 eademque
1094 1950 1278 2034 exponant
1378 2020 1390 2028 Α,

140 2068 311 2164 'placita
272 2074 374 2136 1331
400 2083 444 2133 ea
461 2060 604 2156 quidem
621 2059 716 2131 haud
739 2058 861 2150 dubie
865 2056 988 2148 Aristo
990 2060 1113 2156 telica,
1141 2059 1276 2135 discre-

177 2191 268 2282 pent
293 2190 354 2254 aut
355 2204 412 2254 ern
434 2180 544 2253 modo
577 2180 718 2276 verbis,
746 2150 879 2297 Μρ
876 2164 1040 2315 {tardius
1059 2181 1169 2253 etiarn
1194 2205 1276 2255 sen·

177 2305 427 2378 tentiarumet
444 2299 649 2398 exponendi
665 2291 899 2406 ratione,
936 2288 1107 2376 credibile
1133 2303 1279 2377 videtur·
1352 2311 1368 2342 ‘
1443 2271 1462 2304 ⁶

179 2425 224 2499 ab
250 2425 382 2499 eodem
406 2425 545 2497 Aristot
491 2424 621 2518 totels,
648 2422 709 2518 qui
717 2438 939 2611 didssqn
933 2402 1241 2502 inelimandis
1194 2447 1278 2499 ver·

180 2547 236 2620 bis
270 2547 380 2619 sed
369 2568 408 2617 rn
440 2542 662 2639 explicandis
694 2520 763 2614 rofi
760 2564 851 2621 u-·o
827 2515 977 2658 ‘rapiamur
1002 2547 1184 2643 posuerit
1222 2556 1279 2619 ter·

182 2668 335 2741 candem
362 2688 446 2740 esse
464 2665 784 2759 disciplinamc
708 2671 823 2735 tracta
902 2686 982 2761 ,33
999 2666 1151 2761 proinde
1169 2690 1278 2765 quae-

110 2778 113 2787 ’
181 2788 422 2862 rendumt
364 2796 438 2885 331,
477 2808 563 2859 num
601 2786 680 2857 iure
716 2787 786 2858 tria
823 2787 885 2857 illa
922 2788 1057 2883 scripta
1093 2787 1282 2863 Aristoteli

162 2918 362 3008 tamquam
388 2910 528 2982 auctori
543 2905 752 2981 tribuantur.
805 2904 861 2978 Ea
878 2909 1062 3004 quaesti0,
1088 2918 1128 2981 ut
1151 2924 1281 2983 neces-

182 3036 296 3129 saria,
321 3034 372 3103 ita
388 3037 581 3127 propterea
605 3029 762 3099 maxime
789 3026 945 3101 difficilis
972 3028 1157 3120 3133133,
1184 3032 1281 3128 quod

181 3175 258 3227 non
282 3152 443 3225 externis
459 3151 676 3245 scriptorum
697 3136 934 3245 testimoniis,
961 3149 1028 3223 sed
1043 3172 1157 3248 prope
1175 3154 1282 3227 unice

184 3293 233 3343 ex
248 3276 329 3365 ipsa
344 3270 516 3343 librorum
533 3269 655 3342 indole
682 3292 741 3343 res
760 3270 949 3343 diiudicari
972 3278 1113 3369 potest,
1138 3274 1178 3343 in
1198 3291 1282 3345 sen=

184 3390 317 3465 tentias
342 3394 449 3485 longe
481 3394 576 3463 inter
606 3414 646 3464 se
681 3390 845 3467 diversas
870 3393 979 3463 traxit
1010 3394 1110 3465 viros
1143 3382 1286 3497 doctos,

186 3518 227 3585 ut
265 3511 298 3582 si
334 3510 414 3605 quis
451 3513 683 3585 auctoritates
722 3512 892 3585 conferre
934 3515 1109 3609 voluerit,
1148 3538 1208 3588 res
1246 3519 1286 3591 in

186 3631 308 3705 medio
325 3631 559 3725 relinquenda
576 3640 614 3703 et
626 3633 781 3709 diversis
794 3631 1014 3706 coniecturis
1031 3638 1164 3730 pariter
1181 3641 1286 3711 locus

191 3752 329 3827 dandus
354 3752 530 3828 videatur.
582 3752 632 3825 At
656 3774 731 3825 non
761 3755 902 3827 incerto
933 3776 1063 3829 sensus
1097 3754 1286 3831 cuiusdam

189 3872 342 3971 iudicio,
387 3872 453 3947 sed
492 3875 704 3949 certissimis
743 3884 781 3947 et
818 3876 1029 3949 firmissimis
1066 3882 1287 3971 argumentis

192 4016 273 4069 eam
305 3998 591 4089 controversiam
622 3996 739 4071 dirimi
768 4016 896 4094 posse,
935 4020 1050 4095 nuper
1076 3996 1199 4071 docuit
1231 4001 1289 4075 vir

192 4114 411 4190 eruditionis
426 4128 464 4193 et
490 4119 675 4192 doctrinae
702 4118 960 4215 amplissimae,
987 4116 1127 4193 subtilis
1151 4120 1288 4215 iudicii,

194 4236 238 4309 de
257 4234 471 4333 explicando
484 4240 679 4315 Aristotele
699 4241 927 4338 singulariter
942 4242 1106 4340 meritus,
1121 4240 1287 4315 Licuis-
